<?xml version="1.0" encoding="UTF-8"?>
<!DOCTYPE html PUBLIC "-//W3C//DTD XHTML 1.0 Transitional//EN"
    "http://www.w3.org/TR/xhtml1/DTD/xhtml1-transitional.dtd">
<html xmlns="http://www.w3.org/1999/xhtml" xml:lang="en" lang="en">
 <head>
  <title>
</title>
<meta http-equiv="Content-Type" content="text/html;charset=utf-8" />
  <meta name='ocr-system' content='tesseract 3.04.00' />
  <meta name='ocr-capabilities' content='ocr_page ocr_carea ocr_par ocr_line ocrx_word'/>
</head>
<body>
  <div class='ocr_page' id='page_1' title='image "./floraorientaliss00bois/floraorientaliss00bois_0122.png"; bbox 0 0 2094 3351; ppageno 0'>
   <div class='ocr_carea' id='block_1_1' title="bbox 237 230 1915 346">
    <p class='ocr_par' dir='ltr' id='par_1_1' title="bbox 237 230 1915 346">
     <span class='ocr_line' id='line_1_1' title="bbox 237 230 1915 266; baseline 0 0"><span class='ocrx_word' id='word_1_1' title='bbox 237 231 287 266; x_wconf 85' lang='lat'>80</span> <span class='ocrx_word' id='word_1_2' title='bbox 990 242 1162 266; x_wconf 49' lang='lat' dir='ltr'>suffixam.</span> <span class='ocrx_word' id='word_1_3' title='bbox 1720 230 1915 266; x_wconf 74' lang='lat' dir='ltr'>manchus.</span> 
     </span>
     <span class='ocr_line' id='line_1_2' title="bbox 252 312 326 346; baseline 0 -7"><span class='ocrx_word' id='word_1_4' title='bbox 252 312 326 346; x_wconf 66' lang='lat' dir='ltr'>rag.</span> 
     </span>
    </p>
   </div>
   <div class='ocr_carea' id='block_1_2' title="bbox 346 364 1917 416">
    <p class='ocr_par' dir='ltr' id='par_1_2' title="bbox 346 364 1917 416">
     <span class='ocr_line' id='line_1_3' title="bbox 346 364 1917 416; baseline 0.001 -11"><span class='ocrx_word' id='word_1_5' title='bbox 346 364 544 406; x_wconf 82' lang='lat' dir='ltr'>dentibus</span> <span class='ocrx_word' id='word_1_6' title='bbox 565 364 807 405; x_wconf 82' lang='lat' dir='ltr'>lanceolatis</span> <span class='ocrx_word' id='word_1_7' title='bbox 827 365 1082 406; x_wconf 88' lang='lat' dir='ltr'>mucronatis</span> <span class='ocrx_word' id='word_1_8' title='bbox 1107 365 1193 405; x_wconf 86' lang='lat' dir='ltr'>late</span> <span class='ocrx_word' id='word_1_9' title='bbox 1217 364 1679 416; x_wconf 83' lang='lat' dir='ltr'>scarioso-marginatis‚</span> <span class='ocrx_word' id='word_1_10' title='bbox 1703 364 1917 416; x_wconf 85' lang='lat' dir='ltr'>unguibus</span> 
     </span>
    </p>
   </div>
   <div class='ocr_carea' id='block_1_3' title="bbox 345 417 1915 517">
    <p class='ocr_par' dir='ltr' id='par_1_3' title="bbox 345 417 1915 517">
     <span class='ocr_line' id='line_1_4' title="bbox 346 417 1915 470; baseline -0.001 -12"><span class='ocrx_word' id='word_1_11' title='bbox 346 418 536 465; x_wconf 87' lang='lat' dir='ltr'>exsertis,</span> <span class='ocrx_word' id='word_1_12' title='bbox 574 418 730 458; x_wconf 76' lang='lat' dir='ltr'>lamina</span> <span class='ocrx_word' id='word_1_13' title='bbox 758 419 969 469; x_wconf 64' lang='lat' dir='ltr'>purpurea</span> <span class='ocrx_word' id='word_1_14' title='bbox 998 417 1222 458; x_wconf 72' lang='lat' dir='ltr'>barbulata</span> <span class='ocrx_word' id='word_1_15' title='bbox 1252 417 1431 458; x_wconf 71' lang='lat' dir='ltr'>obovata</span> <span class='ocrx_word' id='word_1_16' title='bbox 1462 417 1515 458; x_wconf 86' lang='lat' dir='ltr'>ad</span> <span class='ocrx_word' id='word_1_17' title='bbox 1548 417 1719 458; x_wconf 82' lang='lat' dir='ltr'>tertiam</span> <span class='ocrx_word' id='word_1_18' title='bbox 1748 421 1915 470; x_wconf 87' lang='lat' dir='ltr'>partem</span> 
     </span>
     <span class='ocr_line' id='line_1_5' title="bbox 345 470 756 517; baseline 0 -7"><span class='ocrx_word' id='word_1_19' title='bbox 345 470 672 511; x_wconf 72' lang='lat' dir='ltr'>inciso-dentata</span> <span class='ocrx_word' id='word_1_20' title='bbox 697 473 756 517; x_wconf 63' lang='lat'>91.</span> 
     </span>
    </p>
   </div>
   <div class='ocr_carea' id='block_1_4' title="bbox 403 539 1916 584">
    <p class='ocr_par' dir='ltr' id='par_1_4' title="bbox 403 539 1916 584">
     <span class='ocr_line' id='line_1_6' title="bbox 403 539 1916 584; baseline 0.001 -10"><span class='ocrx_word' id='word_1_21' title='bbox 403 540 496 574; x_wconf 77' lang='lat' dir='ltr'>nab.</span> <span class='ocrx_word' id='word_1_22' title='bbox 516 542 611 575; x_wconf 88' lang='lat' dir='ltr'>inter</span> <span class='ocrx_word' id='word_1_23' title='bbox 625 540 775 575; x_wconf 80' lang='lat' dir='ltr'>frutices</span> <span class='ocrx_word' id='word_1_24' title='bbox 790 539 836 574; x_wconf 90' lang='lat' dir='ltr'>ad</span> <span class='ocrx_word' id='word_1_25' title='bbox 850 541 964 574; x_wconf 91' lang='lat' dir='ltr'>sinum</span> <span class='ocrx_word' id='word_1_26' title='bbox 983 540 1193 584; x_wconf 83' lang='lat' dir='ltr'>Karagatch</span> <span class='ocrx_word' id='word_1_27' title='bbox 1210 540 1324 575; x_wconf 80' lang='lat' dir='ltr'>Cariae</span> <span class='ocrx_word' id='word_1_28' title='bbox 1341 539 1502 584; x_wconf 85' lang='lat' dir='ltr'>(Wavra)</span> <span class='ocrx_word' id='word_1_29' title='bbox 1519 539 1614 583; x_wconf 91' lang='lat' dir='ltr'>(Non</span> <span class='ocrx_word' id='word_1_30' title='bbox 1627 539 1728 583; x_wconf 89' lang='lat' dir='ltr'>vidi).</span> <span class='ocrx_word' id='word_1_31' title='bbox 1745 540 1801 574; x_wconf 87' lang='lat' dir='ltr'>Fl.</span> <span class='ocrx_word' id='word_1_32' title='bbox 1818 541 1916 584; x_wconf 84' lang='lat' dir='ltr'>Aug.</span> 
     </span>
    </p>
   </div>
   <div class='ocr_carea' id='block_1_5' title="bbox 359 603 1914 742">
    <p class='ocr_par' dir='ltr' id='par_1_5' title="bbox 359 603 1914 742">
     <span class='ocr_line' id='line_1_7' title="bbox 405 603 1913 648; baseline 0 -10"><span class='ocrx_word' id='word_1_33' title='bbox 405 604 535 639; x_wconf 82' lang='lat' dir='ltr'>caules</span> <span class='ocrx_word' id='word_1_34' title='bbox 572 603 828 648; x_wconf 63' lang='lat' dir='ltr'>¹12-1-pedales,</span> <span class='ocrx_word' id='word_1_35' title='bbox 860 604 948 638; x_wconf 87' lang='lat' dir='ltr'>folia</span> <span class='ocrx_word' id='word_1_36' title='bbox 973 603 1149 638; x_wconf 86' lang='lat' dir='ltr'>radicalia</span> <span class='ocrx_word' id='word_1_37' title='bbox 1180 604 1419 648; x_wconf 83' lang='lat' dir='ltr'>bipollicaria,</span> <span class='ocrx_word' id='word_1_38' title='bbox 1451 604 1555 648; x_wconf 85' lang='lat' dir='ltr'>calyx</span> <span class='ocrx_word' id='word_1_39' title='bbox 1585 605 1644 638; x_wconf 87' lang='grc'>7-8</span> <span class='ocrx_word' id='word_1_40' title='bbox 1677 604 1738 638; x_wconf 89' lang='lat' dir='ltr'>lin.</span> <span class='ocrx_word' id='word_1_41' title='bbox 1771 604 1913 648; x_wconf 87' lang='lat' dir='ltr'>longus.</span> 
     </span>
     <span class='ocr_line' id='line_1_8' title="bbox 361 651 1914 695; baseline 0.001 -11"><span class='ocrx_word' id='word_1_42' title='bbox 361 651 466 685; x_wconf 88' lang='lat' dir='ltr'>Hunc</span> <span class='ocrx_word' id='word_1_43' title='bbox 487 651 531 685; x_wconf 92' lang='lat' dir='ltr'>cl.</span> <span class='ocrx_word' id='word_1_44' title='bbox 553 657 680 685; x_wconf 84' lang='lat' dir='ltr'>auctor</span> <span class='ocrx_word' id='word_1_45' title='bbox 706 651 752 685; x_wconf 89' lang='grc'>1).</span> <span class='ocrx_word' id='word_1_46' title='bbox 778 655 916 694; x_wconf 72' lang='lat' dir='ltr'>zonam,</span> <span class='ocrx_word' id='word_1_47' title='bbox 941 651 988 685; x_wconf 89' lang='lat' dir='ltr'>D.</span> <span class='ocrx_word' id='word_1_48' title='bbox 1011 652 1249 694; x_wconf 80' lang='lat' dir='ltr'>actinopetalo</span> <span class='ocrx_word' id='word_1_49' title='bbox 1269 657 1305 685; x_wconf 91' lang='lat' dir='ltr'>et</span> <span class='ocrx_word' id='word_1_50' title='bbox 1331 651 1379 685; x_wconf 91' lang='lat' dir='ltr'>D.</span> <span class='ocrx_word' id='word_1_51' title='bbox 1398 652 1525 695; x_wconf 75' lang='lat' dir='ltr'>yracili</span> <span class='ocrx_word' id='word_1_52' title='bbox 1543 661 1631 694; x_wconf 88' lang='lat' dir='ltr'>quos</span> <span class='ocrx_word' id='word_1_53' title='bbox 1652 657 1822 685; x_wconf 82' lang='lat' dir='ltr'>caeterum</span> <span class='ocrx_word' id='word_1_54' title='bbox 1842 661 1914 685; x_wconf 89' lang='lat' dir='ltr'>non</span> 
     </span>
     <span class='ocr_line' id='line_1_9' title="bbox 359 697 1757 742; baseline -0.001 -10"><span class='ocrx_word' id='word_1_55' title='bbox 359 698 448 732; x_wconf 90' lang='lat' dir='ltr'>vidit</span> <span class='ocrx_word' id='word_1_56' title='bbox 469 705 504 732; x_wconf 87' lang='lat' dir='ltr'>et</span> <span class='ocrx_word' id='word_1_57' title='bbox 521 709 540 732; x_wconf 90' lang='lat' dir='ltr'>e</span> <span class='ocrx_word' id='word_1_58' title='bbox 560 698 803 742; x_wconf 84' lang='lat' dir='ltr'>descriptione</span> <span class='ocrx_word' id='word_1_59' title='bbox 821 704 961 733; x_wconf 87' lang='lat' dir='ltr'>tantum</span> <span class='ocrx_word' id='word_1_60' title='bbox 979 699 1076 732; x_wconf 84' lang='lat' dir='ltr'>novit</span> <span class='ocrx_word' id='word_1_61' title='bbox 1093 697 1250 742; x_wconf 83' lang='lat' dir='ltr'>affinem,</span> <span class='ocrx_word' id='word_1_62' title='bbox 1270 697 1333 733; x_wconf 89' lang='lat' dir='ltr'>sed</span> <span class='ocrx_word' id='word_1_63' title='bbox 1354 697 1560 732; x_wconf 87' lang='lat' dir='ltr'>distinctum</span> <span class='ocrx_word' id='word_1_64' title='bbox 1581 703 1757 732; x_wconf 82' lang='lat' dir='ltr'>autumat.</span> 
     </span>
    </p>
   </div>
   <div class='ocr_carea' id='block_1_6' title="bbox 241 812 849 864">
    <p class='ocr_par' dir='ltr' id='par_1_6' title="bbox 241 812 849 864">
     <span class='ocr_line' id='line_1_10' title="bbox 241 812 849 864; baseline 0.003 -12"><span class='ocrx_word' id='word_1_65' title='bbox 241 815 336 860; x_wconf 81' lang='lat'>501,</span> <span class='ocrx_word' id='word_1_66' title='bbox 369 813 429 852; x_wconf 92' lang='lat' dir='ltr'>D.</span> <span class='ocrx_word' id='word_1_67' title='bbox 452 812 688 864; x_wconf 72' lang='lat' dir='ltr'>gracilis,</span> <span class='ocrx_word' id='word_1_68' title='bbox 712 813 820 854; x_wconf 86' lang='lat' dir='ltr'>adde</span> <span class='ocrx_word' id='word_1_69' title='bbox 841 826 849 854; x_wconf 90' lang='lat'><strong>:</strong></span> 
     </span>
    </p>
   </div>
   <div class='ocr_carea' id='block_1_7' title="bbox 397 898 1918 952">
    <p class='ocr_par' dir='ltr' id='par_1_7' title="bbox 397 898 1918 952">
     <span class='ocr_line' id='line_1_11' title="bbox 397 898 1918 952; baseline 0 -13"><span class='ocrx_word' id='word_1_70' title='bbox 397 900 434 940; x_wconf 89' lang='grc' dir='ltr'>δ.</span> <span class='ocrx_word' id='word_1_71' title='bbox 462 900 636 940; x_wconf 72' lang='lat' dir='ltr'>OEtaens.</span> <span class='ocrx_word' id='word_1_72' title='bbox 658 923 710 927; x_wconf 93' lang='lat'>—-</span> <span class='ocrx_word' id='word_1_73' title='bbox 730 899 872 941; x_wconf 86' lang='lat' dir='ltr'>Flores</span> <span class='ocrx_word' id='word_1_74' title='bbox 892 912 978 941; x_wconf 88' lang='lat' dir='ltr'>sem</span> <span class='ocrx_word' id='word_1_75' title='bbox 1012 912 1057 941; x_wconf 88' lang='lat' dir='ltr'>er</span> <span class='ocrx_word' id='word_1_76' title='bbox 1081 900 1271 948; x_wconf 83' lang='lat' dir='ltr'>solitarii,</span> <span class='ocrx_word' id='word_1_77' title='bbox 1299 911 1569 952; x_wconf 88' lang='lat' dir='ltr'>squamarum</span> <span class='ocrx_word' id='word_1_78' title='bbox 1589 900 1728 940; x_wconf 84' lang='lat' dir='ltr'>aristae</span> <span class='ocrx_word' id='word_1_79' title='bbox 1748 898 1918 940; x_wconf 91' lang='lat' dir='ltr'>sublon—</span> 
     </span>
    </p>
   </div>
   <div class='ocr_carea' id='block_1_8' title="bbox 344 951 1915 1045">
    <p class='ocr_par' dir='ltr' id='par_1_8' title="bbox 344 951 1915 1045">
     <span class='ocr_line' id='line_1_12' title="bbox 345 951 1915 1045; baseline 0.001 -54"><span class='ocrx_word' id='word_1_80' title='bbox 345 952 482 1045; x_wconf 47' lang='lat' dir='ltr'>gigregs</span> <span class='ocrx_word' id='word_1_81' title='bbox 514 953 731 993; x_wconf 82' lang='lat' dir='ltr'>dimidium</span> <span class='ocrx_word' id='word_1_82' title='bbox 763 953 911 994; x_wconf 87' lang='lat' dir='ltr'>tubum</span> <span class='ocrx_word' id='word_1_83' title='bbox 940 965 988 994; x_wconf 87' lang='lat' dir='ltr'>ca</span> <span class='ocrx_word' id='word_1_84' title='bbox 1006 954 1092 1005; x_wconf 83' lang='lat' dir='ltr'>ycis</span> <span class='ocrx_word' id='word_1_85' title='bbox 1117 958 1380 1004; x_wconf 83' lang='lat' dir='ltr'>superantes.</span> <span class='ocrx_word' id='word_1_86' title='bbox 1411 952 1471 994; x_wconf 90' lang='lat' dir='ltr'>D.</span> <span class='ocrx_word' id='word_1_87' title='bbox 1500 953 1659 994; x_wconf 75' lang='lat' dir='ltr'>OEtaeus</span> <span class='ocrx_word' id='word_1_88' title='bbox 1690 951 1837 994; x_wconf 88' lang='lat' dir='ltr'>Heldr.</span> <span class='ocrx_word' id='word_1_89' title='bbox 1870 952 1915 992; x_wconf 87' lang='lat' dir='ltr'>in</span> 
     </span>
     <span class='ocr_line' id='line_1_13' title="bbox 344 1016 487 1045; baseline 0.007 -1"><span class='ocrx_word' id='word_1_90' title='bbox 344 1016 387 1044; x_wconf 81' lang='lat' dir='ltr'>sc</span> <span class='ocrx_word' id='word_1_91' title='bbox 421 1017 443 1045; x_wconf 91' lang='lat' dir='ltr'>e</span> <span class='ocrx_word' id='word_1_92' title='bbox 479 1037 487 1045; x_wconf 92' lang='lat'><em>.</em></span> 
     </span>
    </p>
   </div>
   <div class='ocr_carea' id='block_1_9' title="bbox 360 1076 1917 1168">
    <p class='ocr_par' dir='ltr' id='par_1_9' title="bbox 360 1076 1917 1168">
     <span class='ocr_line' id='line_1_14' title="bbox 404 1076 1917 1121; baseline 0 -11"><span class='ocrx_word' id='word_1_93' title='bbox 404 1077 497 1110; x_wconf 84' lang='lat' dir='ltr'>Hah.</span> <span class='ocrx_word' id='word_1_94' title='bbox 519 1077 554 1110; x_wconf 89' lang='lat' dir='ltr'>in</span> <span class='ocrx_word' id='word_1_95' title='bbox 585 1078 730 1119; x_wconf 82' lang='lat' dir='ltr'>regione</span> <span class='ocrx_word' id='word_1_96' title='bbox 757 1077 918 1111; x_wconf 74' lang='lat' dir='ltr'>abietina</span> <span class='ocrx_word' id='word_1_97' title='bbox 939 1078 1126 1121; x_wconf 86' lang='lat' dir='ltr'>superiore</span> <span class='ocrx_word' id='word_1_98' title='bbox 1151 1077 1281 1112; x_wconf 87' lang='lat' dir='ltr'>montis</span> <span class='ocrx_word' id='word_1_99' title='bbox 1303 1077 1398 1111; x_wconf 83' lang='lat' dir='ltr'>OEtae</span> <span class='ocrx_word' id='word_1_100' title='bbox 1418 1077 1639 1112; x_wconf 88' lang='lat' dir='ltr'>Phthiotidis</span> <span class='ocrx_word' id='word_1_101' title='bbox 1664 1076 1710 1111; x_wconf 87' lang='lat' dir='ltr'>ad</span> <span class='ocrx_word' id='word_1_102' title='bbox 1741 1086 1917 1111; x_wconf 85' lang='lat' dir='ltr'>cacumen</span> 
     </span>
     <span class='ocr_line' id='line_1_15' title="bbox 360 1124 940 1168; baseline 0.002 -11"><span class='ocrx_word' id='word_1_103' title='bbox 360 1124 496 1167; x_wconf 83' lang='lat' dir='ltr'>Hagios</span> <span class='ocrx_word' id='word_1_104' title='bbox 514 1124 616 1158; x_wconf 85' lang='lat' dir='ltr'>Elias</span> <span class='ocrx_word' id='word_1_105' title='bbox 634 1127 735 1159; x_wconf 74' lang='lat'>5500‘</span> <span class='ocrx_word' id='word_1_106' title='bbox 754 1124 940 1168; x_wconf 89' lang='lat' dir='ltr'>(IIeldr.!).</span> 
     </span>
    </p>
   </div>
   <div class='ocr_carea' id='block_1_10' title="bbox 243 1240 1542 1372">
    <p class='ocr_par' dir='ltr' id='par_1_10' title="bbox 243 1240 1542 1372">
     <span class='ocr_line' id='line_1_16' title="bbox 243 1240 1542 1292; baseline 0.002 -12"><span class='ocrx_word' id='word_1_107' title='bbox 243 1243 335 1288; x_wconf 84' lang='lat'>502,</span> <span class='ocrx_word' id='word_1_108' title='bbox 369 1241 429 1280; x_wconf 93' lang='lat' dir='ltr'>D.</span> <span class='ocrx_word' id='word_1_109' title='bbox 453 1241 823 1292; x_wconf 84' lang='lat' dir='ltr'>hypochlorus</span> <span class='ocrx_word' id='word_1_110' title='bbox 843 1241 978 1281; x_wconf 87' lang='lat' dir='ltr'>variat</span> <span class='ocrx_word' id='word_1_111' title='bbox 997 1240 1167 1282; x_wconf 87' lang='lat' dir='ltr'>floribus</span> <span class='ocrx_word' id='word_1_112' title='bbox 1188 1244 1254 1282; x_wconf 89' lang='lat'>2-3</span> <span class='ocrx_word' id='word_1_113' title='bbox 1274 1240 1542 1282; x_wconf 80' lang='lat' dir='ltr'>fasciculatiS.</span> 
     </span>
     <span class='ocr_line' id='line_1_17' title="bbox 407 1326 1298 1372; baseline 0.001 -12"><span class='ocrx_word' id='word_1_114' title='bbox 407 1326 502 1360; x_wconf 88' lang='lat' dir='ltr'>Hab.</span> <span class='ocrx_word' id='word_1_115' title='bbox 517 1327 553 1360; x_wconf 92' lang='lat' dir='ltr'>in</span> <span class='ocrx_word' id='word_1_116' title='bbox 572 1332 693 1361; x_wconf 87' lang='lat' dir='ltr'>monte</span> <span class='ocrx_word' id='word_1_117' title='bbox 710 1327 873 1371; x_wconf 85' lang='lat' dir='ltr'>Beidagh</span> <span class='ocrx_word' id='word_1_118' title='bbox 892 1328 1012 1372; x_wconf 75' lang='lat' dir='ltr'>Lyciae</span> <span class='ocrx_word' id='word_1_119' title='bbox 1034 1327 1191 1370; x_wconf 89' lang='lat' dir='ltr'>(Pichler</span> <span class='ocrx_word' id='word_1_120' title='bbox 1209 1328 1298 1371; x_wconf 76' lang='grc'><strong>891).</strong></span> 
     </span>
    </p>
   </div>
   <div class='ocr_carea' id='block_1_11' title="bbox 239 1442 1918 1547">
    <p class='ocr_par' dir='ltr' id='par_1_11' title="bbox 239 1442 1918 1547">
     <span class='ocr_line' id='line_1_18' title="bbox 239 1442 1918 1496; baseline 0.001 -15"><span class='ocrx_word' id='word_1_121' title='bbox 239 1444 332 1490; x_wconf 79' lang='lat'>502,</span> <span class='ocrx_word' id='word_1_122' title='bbox 365 1443 426 1481; x_wconf 91' lang='lat' dir='ltr'>D.</span> <span class='ocrx_word' id='word_1_123' title='bbox 455 1442 820 1482; x_wconf 86' lang='lat' dir='ltr'>Masmenaeus</span> <span class='ocrx_word' id='word_1_124' title='bbox 847 1445 885 1496; x_wconf 80' lang='grc' dir='ltr'>β.</span> <span class='ocrx_word' id='word_1_125' title='bbox 909 1442 1175 1494; x_wconf 43' lang='lat' dir='ltr'>,qlabrescens</span> <span class='ocrx_word' id='word_1_126' title='bbox 1198 1442 1251 1482; x_wconf 85' lang='lat' dir='ltr'>ad</span> <span class='ocrx_word' id='word_1_127' title='bbox 1281 1444 1340 1483; x_wconf 89' lang='lat' dir='ltr'>D.</span> <span class='ocrx_word' id='word_1_128' title='bbox 1363 1443 1758 1494; x_wconf 84' lang='lat' dir='ltr'>hypochlorum</span> <span class='ocrx_word' id='word_1_129' title='bbox 1778 1446 1918 1483; x_wconf 87' lang='lat' dir='ltr'>trans-</span> 
     </span>
     <span class='ocr_line' id='line_1_19' title="bbox 351 1493 1200 1547; baseline 0.002 -13"><span class='ocrx_word' id='word_1_130' title='bbox 351 1493 547 1535; x_wconf 86' lang='lat' dir='ltr'>ferendus</span> <span class='ocrx_word' id='word_1_131' title='bbox 568 1495 685 1547; x_wconf 90' lang='lat' dir='ltr'>cujus</span> <span class='ocrx_word' id='word_1_132' title='bbox 712 1506 875 1547; x_wconf 82' lang='lat' dir='ltr'>quoque</span> <span class='ocrx_word' id='word_1_133' title='bbox 900 1495 1081 1536; x_wconf 82' lang='lat' dir='ltr'>varietas</span> <span class='ocrx_word' id='word_1_134' title='bbox 1105 1501 1170 1536; x_wconf 87' lang='lat' dir='ltr'>est</span> <span class='ocrx_word' id='word_1_135' title='bbox 1192 1508 1200 1536; x_wconf 89' lang='lat'>:</span> 
     </span>
    </p>
   </div>
   <div class='ocr_carea' id='block_1_12' title="bbox 344 1564 1923 1776">
    <p class='ocr_par' dir='ltr' id='par_1_12' title="bbox 344 1564 1923 1776">
     <span class='ocr_line' id='line_1_20' title="bbox 398 1564 1914 1618; baseline 0.001 -13"><span class='ocrx_word' id='word_1_136' title='bbox 398 1567 436 1618; x_wconf 82' lang='grc' dir='ltr'>β.</span> <span class='ocrx_word' id='word_1_137' title='bbox 458 1564 645 1605; x_wconf 66' lang='lat' dir='ltr'>Karamz&#39;</span> <span class='ocrx_word' id='word_1_138' title='bbox 664 1565 849 1605; x_wconf 84' lang='lat' dir='ltr'>Blanche</span> <span class='ocrx_word' id='word_1_139' title='bbox 868 1566 910 1605; x_wconf 92' lang='lat' dir='ltr'>in</span> <span class='ocrx_word' id='word_1_140' title='bbox 931 1565 1012 1606; x_wconf 88' lang='lat' dir='ltr'>litt.</span> <span class='ocrx_word' id='word_1_141' title='bbox 1032 1589 1083 1593; x_wconf 97' lang='lat'><strong>—</strong></span> <span class='ocrx_word' id='word_1_142' title='bbox 1101 1565 1218 1606; x_wconf 86' lang='lat' dir='ltr'>Folia</span> <span class='ocrx_word' id='word_1_143' title='bbox 1237 1565 1475 1606; x_wconf 87' lang='lat' dir='ltr'>flaccidiora</span> <span class='ocrx_word' id='word_1_144' title='bbox 1495 1565 1725 1606; x_wconf 85' lang='lat' dir='ltr'>sublatiora</span> <span class='ocrx_word' id='word_1_145' title='bbox 1744 1565 1914 1616; x_wconf 89' lang='lat' dir='ltr'>(lineam</span> 
     </span>
     <span class='ocr_line' id='line_1_21' title="bbox 345 1617 1915 1670; baseline 0.001 -13"><span class='ocrx_word' id='word_1_146' title='bbox 345 1617 469 1669; x_wconf 85' lang='lat' dir='ltr'>lata),</span> <span class='ocrx_word' id='word_1_147' title='bbox 492 1629 676 1669; x_wconf 84' lang='lat' dir='ltr'>squamae</span> <span class='ocrx_word' id='word_1_148' title='bbox 697 1618 893 1670; x_wconf 77' lang='lat' dir='ltr'>calycinae</span> <span class='ocrx_word' id='word_1_149' title='bbox 913 1618 999 1659; x_wconf 81' lang='lat' dir='ltr'>fere</span> <span class='ocrx_word' id='word_1_150' title='bbox 1019 1618 1233 1659; x_wconf 68' lang='lat' dir='ltr'>herbaceae</span> <span class='ocrx_word' id='word_1_151' title='bbox 1254 1619 1406 1659; x_wconf 83' lang='lat' dir='ltr'>sensim</span> <span class='ocrx_word' id='word_1_152' title='bbox 1427 1619 1676 1659; x_wconf 76' lang='lat' dir='ltr'>acuminatae</span> <span class='ocrx_word' id='word_1_153' title='bbox 1697 1623 1740 1659; x_wconf 85' lang='lat' dir='ltr'>et</span> <span class='ocrx_word' id='word_1_154' title='bbox 1765 1618 1915 1659; x_wconf 88' lang='lat' dir='ltr'>tubum</span> 
     </span>
     <span class='ocr_line' id='line_1_22' title="bbox 345 1670 1923 1724; baseline 0.001 -14"><span class='ocrx_word' id='word_1_155' title='bbox 345 1670 498 1722; x_wconf 88' lang='lat' dir='ltr'>calycis</span> <span class='ocrx_word' id='word_1_156' title='bbox 518 1670 815 1722; x_wconf 75' lang='lat' dir='ltr'>subaequantes</span> <span class='ocrx_word' id='word_1_157' title='bbox 835 1672 1024 1723; x_wconf 81' lang='lat' dir='ltr'>margine</span> <span class='ocrx_word' id='word_1_158' title='bbox 1043 1671 1228 1719; x_wconf 68' lang='lat' dir='ltr'>rubellw,</span> <span class='ocrx_word' id='word_1_159' title='bbox 1252 1672 1369 1724; x_wconf 84' lang='lat' dir='ltr'>calyx</span> <span class='ocrx_word' id='word_1_160' title='bbox 1390 1671 1530 1711; x_wconf 89' lang='lat' dir='ltr'>viridis</span> <span class='ocrx_word' id='word_1_161' title='bbox 1549 1683 1728 1723; x_wconf 89' lang='lat' dir='ltr'>superne</span> <span class='ocrx_word' id='word_1_162' title='bbox 1747 1671 1923 1722; x_wconf 82' lang='lat' dir='ltr'>sangui--</span> 
     </span>
     <span class='ocr_line' id='line_1_23' title="bbox 344 1723 1920 1776; baseline 0 -13"><span class='ocrx_word' id='word_1_163' title='bbox 344 1734 448 1764; x_wconf 89' lang='lat' dir='ltr'>neus</span> <span class='ocrx_word' id='word_1_164' title='bbox 460 1723 501 1763; x_wconf 89' lang='lat' dir='ltr'>in</span> <span class='ocrx_word' id='word_1_165' title='bbox 513 1723 660 1763; x_wconf 81' lang='lat' dir='ltr'>(lentes</span> <span class='ocrx_word' id='word_1_166' title='bbox 672 1723 1118 1775; x_wconf 82' lang='lat' dir='ltr'>oblongo-lanceolatos</span> <span class='ocrx_word' id='word_1_167' title='bbox 1129 1730 1394 1765; x_wconf 87' lang='lat' dir='ltr'>mucronatos</span> <span class='ocrx_word' id='word_1_168' title='bbox 1405 1725 1595 1776; x_wconf 81' lang='lat' dir='ltr'>margine</span> <span class='ocrx_word' id='word_1_169' title='bbox 1605 1725 1764 1765; x_wconf 82' lang='lat' dir='ltr'>ciliatos</span> <span class='ocrx_word' id='word_1_170' title='bbox 1776 1723 1920 1764; x_wconf 77' lang='lat' dir='ltr'>fissus-</span> 
     </span>
    </p>
   </div>
   <div class='ocr_carea' id='block_1_13' title="bbox 362 1794 1922 1886">
    <p class='ocr_par' dir='ltr' id='par_1_13' title="bbox 362 1794 1922 1886">
     <span class='ocr_line' id='line_1_24' title="bbox 404 1794 1922 1840; baseline 0.001 -13"><span class='ocrx_word' id='word_1_171' title='bbox 404 1794 497 1828; x_wconf 88' lang='lat' dir='ltr'>Hab.</span> <span class='ocrx_word' id='word_1_172' title='bbox 520 1795 555 1828; x_wconf 89' lang='lat' dir='ltr'>in</span> <span class='ocrx_word' id='word_1_173' title='bbox 574 1806 710 1828; x_wconf 89' lang='lat' dir='ltr'>summo</span> <span class='ocrx_word' id='word_1_174' title='bbox 732 1795 870 1829; x_wconf 86' lang='lat' dir='ltr'>Libano</span> <span class='ocrx_word' id='word_1_175' title='bbox 889 1796 1115 1839; x_wconf 87' lang='lat' dir='ltr'>Tripolitano</span> <span class='ocrx_word' id='word_1_176' title='bbox 1141 1797 1176 1830; x_wconf 95' lang='lat' dir='ltr'>in</span> <span class='ocrx_word' id='word_1_177' title='bbox 1202 1797 1348 1840; x_wconf 82' lang='lat' dir='ltr'>regione</span> <span class='ocrx_word' id='word_1_178' title='bbox 1370 1796 1512 1830; x_wconf 75' lang='lat' dir='ltr'>Dannie</span> <span class='ocrx_word' id='word_1_179' title='bbox 1539 1795 1585 1830; x_wconf 88' lang='lat' dir='ltr'>ad</span> <span class='ocrx_word' id='word_1_180' title='bbox 1613 1795 1754 1830; x_wconf 87' lang='lat' dir='ltr'>radices</span> <span class='ocrx_word' id='word_1_181' title='bbox 1782 1796 1922 1830; x_wconf 88' lang='lat' dir='ltr'>montis.</span> 
     </span>
     <span class='ocr_line' id='line_1_25' title="bbox 362 1841 944 1886; baseline 0.002 -11"><span class='ocrx_word' id='word_1_182' title='bbox 362 1841 508 1876; x_wconf 84' lang='lat' dir='ltr'>Kurnat</span> <span class='ocrx_word' id='word_1_183' title='bbox 524 1842 689 1876; x_wconf 83' lang='lat' dir='ltr'>Essaada</span> <span class='ocrx_word' id='word_1_184' title='bbox 707 1845 810 1877; x_wconf 80' lang='lat'>7500‘</span> <span class='ocrx_word' id='word_1_185' title='bbox 830 1843 944 1886; x_wconf 88' lang='lat' dir='ltr'>(Bl.!).</span> 
     </span>
    </p>
   </div>
   <div class='ocr_carea' id='block_1_14' title="bbox 358 1906 1918 1999">
    <p class='ocr_par' dir='ltr' id='par_1_14' title="bbox 358 1906 1918 1999">
     <span class='ocr_line' id='line_1_26' title="bbox 407 1906 1918 1952; baseline 0.001 -12"><span class='ocrx_word' id='word_1_186' title='bbox 407 1906 456 1940; x_wconf 89' lang='lat' dir='ltr'>D.</span> <span class='ocrx_word' id='word_1_187' title='bbox 477 1907 716 1941; x_wconf 71' lang='lat' dir='ltr'>Masmemus</span> <span class='ocrx_word' id='word_1_188' title='bbox 735 1908 877 1951; x_wconf 69' lang='lat' dir='ltr'>typicus</span> <span class='ocrx_word' id='word_1_189' title='bbox 904 1918 924 1941; x_wconf 89' lang='lat' dir='ltr'>a</span> <span class='ocrx_word' id='word_1_190' title='bbox 949 1907 1073 1942; x_wconf 88' lang='lat' dir='ltr'>formis</span> <span class='ocrx_word' id='word_1_191' title='bbox 1093 1908 1141 1941; x_wconf 89' lang='lat' dir='ltr'>D.</span> <span class='ocrx_word' id='word_1_192' title='bbox 1161 1908 1365 1952; x_wconf 77' lang='lat' dir='ltr'>hypochlori</span> <span class='ocrx_word' id='word_1_193' title='bbox 1391 1907 1511 1942; x_wconf 85' lang='lat' dir='ltr'>differt</span> <span class='ocrx_word' id='word_1_194' title='bbox 1538 1907 1597 1950; x_wconf 90' lang='lat' dir='ltr'>(an</span> <span class='ocrx_word' id='word_1_195' title='bbox 1623 1908 1711 1942; x_wconf 88' lang='lat' dir='ltr'>satis</span> <span class='ocrx_word' id='word_1_196' title='bbox 1722 1908 1752 1951; x_wconf 85' lang='lat'>‘?)</span> <span class='ocrx_word' id='word_1_197' title='bbox 1784 1907 1918 1951; x_wconf 85' lang='lat' dir='ltr'>pubes—</span> 
     </span>
     <span class='ocr_line' id='line_1_27' title="bbox 358 1954 1560 1999; baseline 0.002 -12"><span class='ocrx_word' id='word_1_198' title='bbox 358 1954 479 1988; x_wconf 70' lang='lat' dir='ltr'>centia</span> <span class='ocrx_word' id='word_1_199' title='bbox 497 1959 532 1988; x_wconf 88' lang='lat' dir='ltr'>et</span> <span class='ocrx_word' id='word_1_200' title='bbox 552 1955 710 1997; x_wconf 86' lang='lat' dir='ltr'>squamis</span> <span class='ocrx_word' id='word_1_201' title='bbox 729 1956 832 1998; x_wconf 86' lang='lat' dir='ltr'>apice</span> <span class='ocrx_word' id='word_1_202' title='bbox 852 1954 1097 1989; x_wconf 87' lang='lat' dir='ltr'>subtruncatis</span> <span class='ocrx_word' id='word_1_203' title='bbox 1119 1961 1154 1989; x_wconf 88' lang='lat' dir='ltr'>et</span> <span class='ocrx_word' id='word_1_204' title='bbox 1174 1955 1330 1999; x_wconf 85' lang='lat' dir='ltr'>abrupte</span> <span class='ocrx_word' id='word_1_205' title='bbox 1350 1955 1560 1998; x_wconf 87' lang='lat' dir='ltr'>cuspidatis.</span> 
     </span>
    </p>
   </div>
   <div class='ocr_carea' id='block_1_15' title="bbox 243 2067 1919 2280">
    <p class='ocr_par' dir='ltr' id='par_1_15' title="bbox 243 2067 1919 2280">
     <span class='ocr_line' id='line_1_28' title="bbox 243 2067 1916 2118; baseline 0.002 -13"><span class='ocrx_word' id='word_1_206' title='bbox 243 2068 335 2113; x_wconf 77' lang='lat'>504,</span> <span class='ocrx_word' id='word_1_207' title='bbox 368 2067 429 2106; x_wconf 92' lang='lat' dir='ltr'>D.</span> <span class='ocrx_word' id='word_1_208' title='bbox 471 2068 812 2118; x_wconf 83' lang='lat' dir='ltr'>campestris,</span> <span class='ocrx_word' id='word_1_209' title='bbox 849 2067 956 2108; x_wconf 83' lang='lat' dir='ltr'>adde</span> <span class='ocrx_word' id='word_1_210' title='bbox 984 2080 992 2108; x_wconf 90' lang='lat'>:</span> <span class='ocrx_word' id='word_1_211' title='bbox 1022 2067 1082 2108; x_wconf 91' lang='lat' dir='ltr'>D.</span> <span class='ocrx_word' id='word_1_212' title='bbox 1119 2067 1373 2109; x_wconf 56' lang='lat' dir='ltr'>brer-ilimbis·</span> <span class='ocrx_word' id='word_1_213' title='bbox 1398 2068 1539 2109; x_wconf 75' lang='lat' dir='ltr'>Boiss.</span> <span class='ocrx_word' id='word_1_214' title='bbox 1568 2080 1717 2108; x_wconf 86' lang='lat' dir='ltr'>nomen</span> <span class='ocrx_word' id='word_1_215' title='bbox 1746 2071 1916 2108; x_wconf 82' lang='lat' dir='ltr'>tantum</span> 
     </span>
     <span class='ocr_line' id='line_1_29' title="bbox 346 2120 1919 2173; baseline 0.001 -15"><span class='ocrx_word' id='word_1_216' title='bbox 346 2120 680 2171; x_wconf 83' lang='lat' dir='ltr'>manuscriptum</span> <span class='ocrx_word' id='word_1_217' title='bbox 710 2124 753 2160; x_wconf 83' lang='lat' dir='ltr'>et</span> <span class='ocrx_word' id='word_1_218' title='bbox 782 2133 805 2160; x_wconf 81' lang='lat' dir='ltr'>a</span> <span class='ocrx_word' id='word_1_219' title='bbox 838 2120 889 2161; x_wconf 87' lang='lat' dir='ltr'>cl.</span> <span class='ocrx_word' id='word_1_220' title='bbox 924 2120 1198 2161; x_wconf 82' lang='lat' dir='ltr'>Trautvetter</span> <span class='ocrx_word' id='word_1_221' title='bbox 1222 2122 1315 2161; x_wconf 88' lang='lat' dir='ltr'>Act.</span> <span class='ocrx_word' id='word_1_222' title='bbox 1350 2121 1518 2173; x_wconf 84' lang='lat' dir='ltr'>Petrop.</span> <span class='ocrx_word' id='word_1_223' title='bbox 1549 2120 1604 2169; x_wconf 94' lang='lat' dir='ltr'>II,</span> <span class='ocrx_word' id='word_1_224' title='bbox 1634 2133 1675 2173; x_wconf 89' lang='lat' dir='ltr'>p.</span> <span class='ocrx_word' id='word_1_225' title='bbox 1713 2124 1789 2162; x_wconf 74' lang='grc'>506</span> <span class='ocrx_word' id='word_1_226' title='bbox 1822 2132 1919 2161; x_wconf 85' lang='lat' dir='ltr'>evo-</span> 
     </span>
     <span class='ocr_line' id='line_1_30' title="bbox 345 2172 1914 2226; baseline 0.002 -15"><span class='ocrx_word' id='word_1_227' title='bbox 345 2177 488 2212; x_wconf 85' lang='lat' dir='ltr'>catum</span> <span class='ocrx_word' id='word_1_228' title='bbox 516 2172 709 2213; x_wconf 87' lang='lat' dir='ltr'>oblivioni</span> <span class='ocrx_word' id='word_1_229' title='bbox 740 2173 1007 2222; x_wconf 86' lang='lat' dir='ltr'>tradendum,</span> <span class='ocrx_word' id='word_1_230' title='bbox 1038 2173 1161 2224; x_wconf 87' lang='lat' dir='ltr'>hujus</span> <span class='ocrx_word' id='word_1_231' title='bbox 1194 2174 1348 2226; x_wconf 63' lang='lat' dir='ltr'>plantae</span> <span class='ocrx_word' id='word_1_232' title='bbox 1378 2186 1503 2225; x_wconf 82' lang='lat' dir='ltr'>quam</span> <span class='ocrx_word' id='word_1_233' title='bbox 1533 2174 1575 2214; x_wconf 84' lang='lat' dir='ltr'>in</span> <span class='ocrx_word' id='word_1_234' title='bbox 1607 2173 1802 2214; x_wconf 89' lang='lat' dir='ltr'>herbario</span> <span class='ocrx_word' id='word_1_235' title='bbox 1831 2185 1914 2214; x_wconf 86' lang='lat' dir='ltr'>non</span> 
     </span>
     <span class='ocr_line' id='line_1_31' title="bbox 348 2224 1692 2280; baseline 0.003 -16"><span class='ocrx_word' id='word_1_236' title='bbox 348 2224 484 2265; x_wconf 87' lang='lat' dir='ltr'>habeo</span> <span class='ocrx_word' id='word_1_237' title='bbox 505 2237 586 2265; x_wconf 92' lang='lat' dir='ltr'>non</span> <span class='ocrx_word' id='word_1_238' title='bbox 607 2226 791 2266; x_wconf 85' lang='lat' dir='ltr'>memini.</span> <span class='ocrx_word' id='word_1_239' title='bbox 814 2226 878 2266; x_wconf 86' lang='lat' dir='ltr'>Ex</span> <span class='ocrx_word' id='word_1_240' title='bbox 898 2226 950 2267; x_wconf 86' lang='lat' dir='ltr'>cl.</span> <span class='ocrx_word' id='word_1_241' title='bbox 973 2226 1247 2267; x_wconf 82' lang='lat' dir='ltr'>Trautvetter</span> <span class='ocrx_word' id='word_1_242' title='bbox 1265 2231 1329 2267; x_wconf 89' lang='lat' dir='ltr'>est</span> <span class='ocrx_word' id='word_1_243' title='bbox 1348 2226 1408 2268; x_wconf 94' lang='lat' dir='ltr'>D.</span> <span class='ocrx_word' id='word_1_244' title='bbox 1431 2227 1692 2280; x_wconf 63' lang='lat' dir='ltr'>campestris.</span> 
     </span>
    </p>
   </div>
   <div class='ocr_carea' id='block_1_16' title="bbox 236 2347 935 2398">
    <p class='ocr_par' dir='ltr' id='par_1_16' title="bbox 236 2347 935 2398">
     <span class='ocr_line' id='line_1_32' title="bbox 236 2347 935 2398; baseline 0.003 -11"><span class='ocrx_word' id='word_1_245' title='bbox 236 2349 329 2395; x_wconf 79' lang='grc'>506,</span> <span class='ocrx_word' id='word_1_246' title='bbox 363 2347 423 2386; x_wconf 91' lang='lat' dir='ltr'>D.</span> <span class='ocrx_word' id='word_1_247' title='bbox 445 2347 773 2398; x_wconf 86' lang='lat' dir='ltr'>microlepis,</span> <span class='ocrx_word' id='word_1_248' title='bbox 796 2347 903 2388; x_wconf 84' lang='lat' dir='ltr'>adde</span> <span class='ocrx_word' id='word_1_249' title='bbox 925 2360 935 2389; x_wconf 73' lang='grc' dir='ltr'>ε</span> 
     </span>
    </p>
   </div>
   <div class='ocr_carea' id='block_1_17' title="bbox 358 2417 1914 2510">
    <p class='ocr_par' dir='ltr' id='par_1_17' title="bbox 358 2417 1914 2510">
     <span class='ocr_line' id='line_1_33' title="bbox 407 2417 1914 2464; baseline 0.001 -12"><span class='ocrx_word' id='word_1_250' title='bbox 407 2417 501 2452; x_wconf 83' lang='lat' dir='ltr'>Hah.</span> <span class='ocrx_word' id='word_1_251' title='bbox 535 2419 569 2452; x_wconf 93' lang='lat' dir='ltr'>in</span> <span class='ocrx_word' id='word_1_252' title='bbox 600 2420 745 2462; x_wconf 89' lang='lat' dir='ltr'>pascuis</span> <span class='ocrx_word' id='word_1_253' title='bbox 779 2419 911 2463; x_wconf 88' lang='lat' dir='ltr'>alpinis</span> <span class='ocrx_word' id='word_1_254' title='bbox 940 2420 1070 2454; x_wconf 88' lang='lat' dir='ltr'>montis</span> <span class='ocrx_word' id='word_1_255' title='bbox 1101 2419 1318 2464; x_wconf 86' lang='lat' dir='ltr'>Pcrimdagh</span> <span class='ocrx_word' id='word_1_256' title='bbox 1352 2420 1517 2464; x_wconf 64' lang='lat' dir='ltr'>(Oi-beli)</span> <span class='ocrx_word' id='word_1_257' title='bbox 1551 2419 1774 2454; x_wconf 86' lang='lat' dir='ltr'>Macedoniae</span> <span class='ocrx_word' id='word_1_258' title='bbox 1802 2430 1914 2464; x_wconf 85' lang='lat' dir='ltr'>supra</span> 
     </span>
     <span class='ocr_line' id='line_1_34' title="bbox 358 2465 1000 2510; baseline 0.002 -11"><span class='ocrx_word' id='word_1_259' title='bbox 358 2465 554 2509; x_wconf 87' lang='lat' dir='ltr'>Nevrekop</span> <span class='ocrx_word' id='word_1_260' title='bbox 575 2472 611 2500; x_wconf 87' lang='lat' dir='ltr'>et</span> <span class='ocrx_word' id='word_1_261' title='bbox 632 2466 806 2500; x_wconf 84' lang='lat' dir='ltr'>Kornitza</span> <span class='ocrx_word' id='word_1_262' title='bbox 822 2467 956 2509; x_wconf 80' lang='lat' dir='ltr'>(Janka</span> <span class='ocrx_word' id='word_1_263' title='bbox 968 2468 1000 2510; x_wconf 73' lang='lat'>2).</span> 
     </span>
    </p>
   </div>
   <div class='ocr_carea' id='block_1_18' title="bbox 404 2529 1915 2574">
    <p class='ocr_par' dir='ltr' id='par_1_18' title="bbox 404 2529 1915 2574">
     <span class='ocr_line' id='line_1_35' title="bbox 404 2529 1915 2574; baseline 0.001 -12"><span class='ocrx_word' id='word_1_264' title='bbox 404 2529 457 2563; x_wconf 89' lang='lat' dir='ltr'>Cl.</span> <span class='ocrx_word' id='word_1_265' title='bbox 476 2529 712 2563; x_wconf 86' lang='lat' dir='ltr'>Trautvetter</span> <span class='ocrx_word' id='word_1_266' title='bbox 733 2531 814 2563; x_wconf 85' lang='lat' dir='ltr'>Act.</span> <span class='ocrx_word' id='word_1_267' title='bbox 830 2530 974 2573; x_wconf 79' lang='lat' dir='ltr'>Petrop.</span> <span class='ocrx_word' id='word_1_268' title='bbox 994 2530 1037 2573; x_wconf 88' lang='grc' dir='ltr'>ΙΙ,</span> <span class='ocrx_word' id='word_1_269' title='bbox 1058 2541 1093 2573; x_wconf 92' lang='lat' dir='ltr'>p.</span> <span class='ocrx_word' id='word_1_270' title='bbox 1115 2532 1182 2564; x_wconf 82' lang='lat'>505</span> <span class='ocrx_word' id='word_1_271' title='bbox 1210 2530 1257 2564; x_wconf 95' lang='lat' dir='ltr'><em>D.</em></span> <span class='ocrx_word' id='word_1_272' title='bbox 1284 2531 1465 2574; x_wconf 73' lang='lat' dir='ltr'>ylacialem</span> <span class='ocrx_word' id='word_1_273' title='bbox 1496 2530 1634 2564; x_wconf 79' lang='lat' dir='ltr'>Haenke</span> <span class='ocrx_word' id='word_1_274' title='bbox 1665 2531 1701 2564; x_wconf 92' lang='lat' dir='ltr'>in</span> <span class='ocrx_word' id='word_1_275' title='bbox 1730 2530 1915 2564; x_wconf 85' lang='lat' dir='ltr'>Armeniae</span> 
     </span>
    </p>
   </div>
   <div class='ocr_carea' id='block_1_19' title="bbox 357 2575 1916 2658">
    <p class='ocr_par' dir='ltr' id='par_1_19' title="bbox 357 2575 1916 2658">
     <span class='ocr_line' id='line_1_36' title="bbox 357 2575 1916 2622; baseline 0.001 -13"><span class='ocrx_word' id='word_1_276' title='bbox 357 2575 523 2610; x_wconf 88' lang='lat' dir='ltr'>faucibus</span> <span class='ocrx_word' id='word_1_277' title='bbox 544 2576 748 2611; x_wconf 66' lang='lat' dir='ltr'>Gosoldara</span> <span class='ocrx_word' id='word_1_278' title='bbox 770 2576 925 2620; x_wconf 73' lang='lat' dir='ltr'>(Raude)</span> <span class='ocrx_word' id='word_1_279' title='bbox 944 2577 1090 2621; x_wconf 87' lang='lat' dir='ltr'>indicat,</span> <span class='ocrx_word' id='word_1_280' title='bbox 1111 2577 1206 2621; x_wconf 87' lang='lat' dir='ltr'>quod</span> <span class='ocrx_word' id='word_1_281' title='bbox 1225 2588 1268 2612; x_wconf 88' lang='lat' dir='ltr'>ex</span> <span class='ocrx_word' id='word_1_282' title='bbox 1289 2580 1375 2612; x_wconf 70' lang='lat' dir='ltr'>area</span> <span class='ocrx_word' id='word_1_283' title='bbox 1395 2578 1641 2622; x_wconf 70' lang='lat' dir='ltr'>geographica</span> <span class='ocrx_word' id='word_1_284' title='bbox 1654 2577 1763 2621; x_wconf 89' lang='lat' dir='ltr'>hujus</span> <span class='ocrx_word' id='word_1_285' title='bbox 1780 2577 1916 2621; x_wconf 86' lang='lat' dir='ltr'>speciei</span> 
     </span>
     <span class='ocr_line' id='line_1_37' title="bbox 357 2623 786 2658; baseline 0.005 -2"><span class='ocrx_word' id='word_1_286' title='bbox 357 2623 504 2657; x_wconf 84' lang='lat' dir='ltr'>dubium</span> <span class='ocrx_word' id='word_1_287' title='bbox 525 2623 613 2657; x_wconf 83' lang='lat' dir='ltr'>mihi</span> <span class='ocrx_word' id='word_1_288' title='bbox 631 2624 786 2658; x_wconf 82' lang='lat' dir='ltr'>videtur.</span> 
     </span>
    </p>
   </div>
   <div class='ocr_carea' id='block_1_20' title="bbox 234 2738 1655 2853">
    <p class='ocr_par' dir='ltr' id='par_1_20' title="bbox 234 2738 1655 2853">
     <span class='ocr_line' id='line_1_38' title="bbox 234 2738 1020 2787; baseline 0.003 -10"><span class='ocrx_word' id='word_1_289' title='bbox 234 2739 328 2785; x_wconf 84' lang='lat'>511,</span> <span class='ocrx_word' id='word_1_290' title='bbox 361 2738 422 2777; x_wconf 88' lang='lat' dir='ltr'>D.</span> <span class='ocrx_word' id='word_1_291' title='bbox 454 2738 858 2787; x_wconf 82' lang='lat' dir='ltr'>cinnabarinus,</span> <span class='ocrx_word' id='word_1_292' title='bbox 881 2738 988 2779; x_wconf 83' lang='lat' dir='ltr'>addc</span> <span class='ocrx_word' id='word_1_293' title='bbox 1011 2750 1020 2779; x_wconf 91' lang='lat'>:</span> 
     </span>
     <span class='ocr_line' id='line_1_39' title="bbox 406 2807 1655 2853; baseline 0.002 -12"><span class='ocrx_word' id='word_1_294' title='bbox 406 2807 501 2841; x_wconf 89' lang='lat' dir='ltr'>Hab.</span> <span class='ocrx_word' id='word_1_295' title='bbox 522 2808 557 2841; x_wconf 91' lang='lat' dir='ltr'>in</span> <span class='ocrx_word' id='word_1_296' title='bbox 574 2809 718 2851; x_wconf 85' lang='lat' dir='ltr'>pascuis</span> <span class='ocrx_word' id='word_1_297' title='bbox 739 2809 869 2843; x_wconf 91' lang='lat' dir='ltr'>montis</span> <span class='ocrx_word' id='word_1_298' title='bbox 888 2809 982 2842; x_wconf 67' lang='lat' dir='ltr'>(Euo</span> <span class='ocrx_word' id='word_1_299' title='bbox 1001 2808 1219 2843; x_wconf 86' lang='lat' dir='ltr'>Phthiotidis</span> <span class='ocrx_word' id='word_1_300' title='bbox 1237 2810 1448 2843; x_wconf 81' lang='lat'>5500-6300&#39;</span> <span class='ocrx_word' id='word_1_301' title='bbox 1470 2809 1655 2853; x_wconf 84' lang='lat' dir='ltr'>(Heldr.!).</span> 
     </span>
    </p>
   </div>
   <div class='ocr_carea' id='block_1_21' title="bbox 236 2923 1698 3040">
    <p class='ocr_par' dir='ltr' id='par_1_21' title="bbox 236 2923 1698 3040">
     <span class='ocr_line' id='line_1_40' title="bbox 236 2923 1045 2972; baseline 0 -9"><span class='ocrx_word' id='word_1_302' title='bbox 236 2925 331 2972; x_wconf 80' lang='lat'>512,</span> <span class='ocrx_word' id='word_1_303' title='bbox 364 2924 425 2963; x_wconf 91' lang='lat' dir='ltr'><em>D.</em></span> <span class='ocrx_word' id='word_1_304' title='bbox 450 2923 885 2972; x_wconf 83' lang='lat' dir='ltr'>carmelitarum,</span> <span class='ocrx_word' id='word_1_305' title='bbox 908 2923 1015 2964; x_wconf 83' lang='lat' dir='ltr'>adde</span> <span class='ocrx_word' id='word_1_306' title='bbox 1037 2936 1045 2963; x_wconf 91' lang='lat'><strong>:</strong></span> 
     </span>
     <span class='ocr_line' id='line_1_41' title="bbox 402 2993 1698 3040; baseline 0.001 -12"><span class='ocrx_word' id='word_1_307' title='bbox 402 2993 496 3028; x_wconf 83' lang='lat' dir='ltr'>Hal).</span> <span class='ocrx_word' id='word_1_308' title='bbox 517 2995 552 3028; x_wconf 91' lang='lat' dir='ltr'>in</span> <span class='ocrx_word' id='word_1_309' title='bbox 574 2994 727 3029; x_wconf 88' lang='lat' dir='ltr'>collibus</span> <span class='ocrx_word' id='word_1_310' title='bbox 747 2995 892 3029; x_wconf 89' lang='lat' dir='ltr'>incultis</span> <span class='ocrx_word' id='word_1_311' title='bbox 909 2995 1015 3029; x_wconf 90' lang='lat' dir='ltr'>vallis</span> <span class='ocrx_word' id='word_1_312' title='bbox 1036 2995 1160 3039; x_wconf 90' lang='lat' dir='ltr'>Djimil</span> <span class='ocrx_word' id='word_1_313' title='bbox 1180 2995 1285 3030; x_wconf 87' lang='lat' dir='ltr'>Ponti</span> <span class='ocrx_word' id='word_1_314' title='bbox 1305 2995 1426 3030; x_wconf 85' lang='lat' dir='ltr'>Lazici</span> <span class='ocrx_word' id='word_1_315' title='bbox 1440 2997 1542 3030; x_wconf 82' lang='lat'>6000&#39;</span> <span class='ocrx_word' id='word_1_316' title='bbox 1557 2995 1652 3040; x_wconf 91' lang='lat' dir='ltr'>(Bal.</span> <span class='ocrx_word' id='word_1_317' title='bbox 1665 2995 1698 3039; x_wconf 87' lang='lat'>!).</span> 
     </span>
    </p>
   </div>
  </div>
 </body>
</html>
