<?xml version="1.0" encoding="UTF-8"?>
<!DOCTYPE html PUBLIC "-//W3C//DTD XHTML 1.0 Transitional//EN"
    "http://www.w3.org/TR/xhtml1/DTD/xhtml1-transitional.dtd">
<html xmlns="http://www.w3.org/1999/xhtml" xml:lang="en" lang="en">
 <head>
  <title>
</title>
<meta http-equiv="Content-Type" content="text/html;charset=utf-8" />
  <meta name='ocr-system' content='tesseract 3.04.00' />
  <meta name='ocr-capabilities' content='ocr_page ocr_carea ocr_par ocr_line ocrx_word'/>
</head>
<body>
  <div class='ocr_page' id='page_1' title='image "./floraorientaliss00bois_0266.png"; bbox 0 0 2094 3351; ppageno 0'>
   <div class='ocr_carea' id='block_1_1' title="bbox 222 260 290 296">
    <p class='ocr_par' dir='ltr' id='par_1_1' title="bbox 222 260 290 296">
     <span class='ocr_line' id='line_1_1' title="bbox 222 260 290 296; baseline -0.015 0"><span class='ocrx_word' id='word_1_1' title='bbox 222 260 290 296; x_wconf 72' lang='lat'><strong>224</strong></span> 
     </span>
    </p>
   </div>
   <div class='ocr_carea' id='block_1_2' title="bbox 970 254 1886 291">
    <p class='ocr_par' dir='ltr' id='par_1_2' title="bbox 970 254 1886 291">
     <span class='ocr_line' id='line_1_2' title="bbox 970 254 1886 291; baseline -0.001 0"><span class='ocrx_word' id='word_1_2' title='bbox 970 266 1149 291; x_wconf 73' lang='lat' dir='ltr'><strong>ROSACEAE.</strong></span> <span class='ocrx_word' id='word_1_3' title='bbox 1786 254 1886 291; x_wconf 68' lang='lat' dir='ltr'><strong>Rota.</strong></span> 
     </span>
    </p>
   </div>
   <div class='ocr_carea' id='block_1_3' title="bbox 340 390 1893 532">
    <p class='ocr_par' dir='ltr' id='par_1_3' title="bbox 340 390 1893 532">
     <span class='ocr_line' id='line_1_3' title="bbox 340 390 1892 434; baseline -0.003 -5"><span class='ocrx_word' id='word_1_4' title='bbox 340 395 375 428; x_wconf 91' lang='lat' dir='ltr'><strong>k.</strong></span> <span class='ocrx_word' id='word_1_5' title='bbox 396 395 533 429; x_wconf 87' lang='lat' dir='ltr'><strong>Svensk</strong></span> <span class='ocrx_word' id='word_1_6' title='bbox 559 393 730 428; x_wconf 84' lang='lat' dir='ltr'><strong>Vetensk.</strong></span> <span class='ocrx_word' id='word_1_7' title='bbox 749 392 868 427; x_wconf 87' lang='lat' dir='ltr'><strong>Akad.</strong></span> <span class='ocrx_word' id='word_1_8' title='bbox 889 391 1086 426; x_wconf 75' lang='lat' dir='ltr'><strong>Forhandl.</strong></span> <span class='ocrx_word' id='word_1_9' title='bbox 1107 390 1221 434; x_wconf 87' lang='grc'>1879),</span> <span class='ocrx_word' id='word_1_10' title='bbox 1242 390 1413 426; x_wconf 89' lang='lat' dir='ltr'><strong>Colchide</strong></span> <span class='ocrx_word' id='word_1_11' title='bbox 1433 391 1479 425; x_wconf 87' lang='lat' dir='ltr'><strong>ad</strong></span> <span class='ocrx_word' id='word_1_12' title='bbox 1499 390 1630 426; x_wconf 81' lang='lat' dir='ltr'><strong>Kuta&#39;is</strong></span> <span class='ocrx_word' id='word_1_13' title='bbox 1648 390 1686 434; x_wconf 88' lang='lat' dir='ltr'><strong>(f.</strong></span> <span class='ocrx_word' id='word_1_14' title='bbox 1705 391 1892 425; x_wconf 82' lang='lat' dir='ltr'>luxurians</span> 
     </span>
     <span class='ocr_line' id='line_1_4' title="bbox 340 437 1893 485; baseline -0.003 -10"><span class='ocrx_word' id='word_1_15' title='bbox 340 442 550 485; x_wconf 83' lang='lat' dir='ltr'><strong>semiplena,</strong></span> <span class='ocrx_word' id='word_1_16' title='bbox 583 451 604 474; x_wconf 89' lang='lat' dir='ltr'><strong>a</strong></span> <span class='ocrx_word' id='word_1_17' title='bbox 636 440 679 473; x_wconf 93' lang='lat' dir='ltr'><strong>cl.</strong></span> <span class='ocrx_word' id='word_1_18' title='bbox 710 440 866 473; x_wconf 90' lang='lat' dir='ltr'><strong>Boissier</strong></span> <span class='ocrx_word' id='word_1_19' title='bbox 898 439 952 473; x_wconf 88' lang='lat' dir='ltr'><strong>Fl.</strong></span> <span class='ocrx_word' id='word_1_20' title='bbox 984 438 1043 473; x_wconf 91' lang='lat' dir='ltr'><strong>Or.</strong></span> <span class='ocrx_word' id='word_1_21' title='bbox 1078 438 1123 482; x_wconf 95' lang='lat' dir='ltr'><strong>II,</strong></span> <span class='ocrx_word' id='word_1_22' title='bbox 1155 439 1224 472; x_wconf 85' lang='grc'><strong>684</strong></span> <span class='ocrx_word' id='word_1_23' title='bbox 1254 438 1347 472; x_wconf 84' lang='lat' dir='ltr'><strong>falso</strong></span> <span class='ocrx_word' id='word_1_24' title='bbox 1377 437 1425 471; x_wconf 85' lang='lat' dir='ltr'><strong>ad</strong></span> <span class='ocrx_word' id='word_1_25' title='bbox 1453 438 1498 472; x_wconf 85' lang='lat' dir='ltr'><strong>R.</strong></span> <span class='ocrx_word' id='word_1_26' title='bbox 1528 437 1647 472; x_wconf 75' lang='lat' dir='ltr'><strong>albam</strong></span> <span class='ocrx_word' id='word_1_27' title='bbox 1679 437 1814 482; x_wconf 84' lang='lat' dir='ltr'><strong>ducta),</strong></span> <span class='ocrx_word' id='word_1_28' title='bbox 1846 438 1893 472; x_wconf 80' lang='lat' dir='ltr'><strong>ad</strong></span> 
     </span>
     <span class='ocr_line' id='line_1_5' title="bbox 340 485 1310 532; baseline -0.005 -9"><span class='ocrx_word' id='word_1_29' title='bbox 340 489 559 532; x_wconf 84' lang='lat' dir='ltr'><strong>Aghlaghan</strong></span> <span class='ocrx_word' id='word_1_30' title='bbox 580 487 704 529; x_wconf 87' lang='lat' dir='ltr'><strong>(Szow.</strong></span> <span class='ocrx_word' id='word_1_31' title='bbox 726 487 821 529; x_wconf 83' lang='lat'>212),</span> <span class='ocrx_word' id='word_1_32' title='bbox 837 487 872 519; x_wconf 89' lang='lat' dir='ltr'><strong>in</strong></span> <span class='ocrx_word' id='word_1_33' title='bbox 891 486 1015 519; x_wconf 76' lang='lat' dir='ltr'><strong>Persia</strong></span> <span class='ocrx_word' id='word_1_34' title='bbox 1031 485 1166 529; x_wconf 87' lang='lat' dir='ltr'><strong>(Buhse</strong></span> <span class='ocrx_word' id='word_1_35' title='bbox 1185 486 1253 519; x_wconf 85' lang='grc'><strong>738</strong></span> <span class='ocrx_word' id='word_1_36' title='bbox 1263 485 1310 529; x_wconf 89' lang='lat' dir='ltr'><strong>b).</strong></span> 
     </span>
    </p>
   </div>
   <div class='ocr_carea' id='block_1_4' title="bbox 339 548 1894 924">
    <p class='ocr_par' dir='ltr' id='par_1_4' title="bbox 339 548 1894 924">
     <span class='ocr_line' id='line_1_6' title="bbox 387 548 1891 593; baseline -0.002 -8"><span class='ocrx_word' id='word_1_37' title='bbox 387 552 519 586; x_wconf 82' lang='lat' dir='ltr'><strong>Forma</strong></span> <span class='ocrx_word' id='word_1_38' title='bbox 545 551 716 584; x_wconf 84' lang='lat' dir='ltr'><strong>damnata</strong></span> <span class='ocrx_word' id='word_1_39' title='bbox 740 555 849 593; x_wconf 82' lang='lat' dir='ltr'><strong>atque</strong></span> <span class='ocrx_word' id='word_1_40' title='bbox 876 548 1088 583; x_wconf 86' lang='lat' dir='ltr'><strong>difficillime</strong></span> <span class='ocrx_word' id='word_1_41' title='bbox 1117 548 1342 592; x_wconf 82' lang='lat' dir='ltr'><strong>collocanda,</strong></span> <span class='ocrx_word' id='word_1_42' title='bbox 1370 549 1497 583; x_wconf 83' lang='lat' dir='ltr'><strong>habitu</strong></span> <span class='ocrx_word' id='word_1_43' title='bbox 1518 554 1553 583; x_wconf 87' lang='lat' dir='ltr'><strong>et</strong></span> <span class='ocrx_word' id='word_1_44' title='bbox 1572 548 1693 583; x_wconf 90' lang='lat' dir='ltr'><strong>indole</strong></span> <span class='ocrx_word' id='word_1_45' title='bbox 1713 548 1820 583; x_wconf 79' lang='lat' dir='ltr'><strong>valde</strong></span> <span class='ocrx_word' id='word_1_46' title='bbox 1845 548 1891 582; x_wconf 87' lang='lat' dir='ltr'><strong>ad</strong></span> 
     </span>
     <span class='ocr_line' id='line_1_7' title="bbox 341 592 1893 641; baseline -0.003 -8"><span class='ocrx_word' id='word_1_47' title='bbox 341 599 386 633; x_wconf 83' lang='lat' dir='ltr'><strong>R.</strong></span> <span class='ocrx_word' id='word_1_48' title='bbox 414 598 664 639; x_wconf 80' lang='lat' dir='ltr'><strong>tomentellam,</strong></span> <span class='ocrx_word' id='word_1_49' title='bbox 690 597 852 641; x_wconf 85' lang='lat' dir='ltr'><strong>inprimis</strong></span> <span class='ocrx_word' id='word_1_50' title='bbox 880 596 927 630; x_wconf 89' lang='lat' dir='ltr'><strong>ad</strong></span> <span class='ocrx_word' id='word_1_51' title='bbox 955 596 1000 630; x_wconf 85' lang='lat' dir='ltr'><strong>R.</strong></span> <span class='ocrx_word' id='word_1_52' title='bbox 1027 595 1270 630; x_wconf 73' lang='lat' dir='ltr'><strong>Faventinam</strong></span> <span class='ocrx_word' id='word_1_53' title='bbox 1299 596 1439 630; x_wconf 86' lang='lat' dir='ltr'><strong>Burnat</strong></span> <span class='ocrx_word' id='word_1_54' title='bbox 1471 601 1506 630; x_wconf 88' lang='lat' dir='ltr'><strong>et</strong></span> <span class='ocrx_word' id='word_1_55' title='bbox 1535 592 1671 630; x_wconf 80' lang='lat' dir='ltr'><strong>Gr&#39;emli</strong></span> <span class='ocrx_word' id='word_1_56' title='bbox 1694 595 1778 630; x_wconf 92' lang='lat' dir='ltr'><strong>Obs.</strong></span> <span class='ocrx_word' id='word_1_57' title='bbox 1807 595 1893 629; x_wconf 89' lang='lat' dir='ltr'><strong>Ros.</strong></span> 
     </span>
     <span class='ocr_line' id='line_1_8' title="bbox 339 641 1891 688; baseline -0.002 -9"><span class='ocrx_word' id='word_1_58' title='bbox 339 646 445 679; x_wconf 88' lang='lat' dir='ltr'><strong>Italie</strong></span> <span class='ocrx_word' id='word_1_59' title='bbox 465 656 499 688; x_wconf 89' lang='lat' dir='ltr'><strong>p.</strong></span> <span class='ocrx_word' id='word_1_60' title='bbox 520 647 562 678; x_wconf 87' lang='lat'><strong>27</strong></span> <span class='ocrx_word' id='word_1_61' title='bbox 583 645 703 684; x_wconf 74' lang='grc'>(1886)</span> <span class='ocrx_word' id='word_1_62' title='bbox 721 654 742 677; x_wconf 91' lang='lat' dir='ltr'><strong>a</strong></span> <span class='ocrx_word' id='word_1_63' title='bbox 763 643 871 677; x_wconf 86' lang='lat' dir='ltr'><strong>beato</strong></span> <span class='ocrx_word' id='word_1_64' title='bbox 892 642 1036 678; x_wconf 81' lang='lat' dir='ltr'><strong>Caldesi</strong></span> <span class='ocrx_word' id='word_1_65' title='bbox 1053 643 1089 676; x_wconf 93' lang='lat' dir='ltr'><strong>in</strong></span> <span class='ocrx_word' id='word_1_66' title='bbox 1110 643 1218 676; x_wconf 75' lang='lat' dir='ltr'><strong>Italia</strong></span> <span class='ocrx_word' id='word_1_67' title='bbox 1235 653 1285 676; x_wconf 94' lang='lat' dir='ltr'><strong>or.</strong></span> <span class='ocrx_word' id='word_1_68' title='bbox 1307 643 1439 677; x_wconf 89' lang='lat' dir='ltr'><strong>lectam</strong></span> <span class='ocrx_word' id='word_1_69' title='bbox 1460 641 1633 677; x_wconf 83' lang='lat' dir='ltr'>accedere</span> <span class='ocrx_word' id='word_1_70' title='bbox 1656 641 1809 685; x_wconf 85' lang='lat' dir='ltr'><strong>videtur,</strong></span> <span class='ocrx_word' id='word_1_71' title='bbox 1829 642 1891 677; x_wconf 88' lang='lat' dir='ltr'><strong>sed</strong></span> 
     </span>
     <span class='ocr_line' id='line_1_9' title="bbox 340 689 1893 736; baseline -0.002 -10"><span class='ocrx_word' id='word_1_72' title='bbox 340 694 468 726; x_wconf 78' lang='lat' dir='ltr'><strong>revera</strong></span> <span class='ocrx_word' id='word_1_73' title='bbox 498 692 647 736; x_wconf 89' lang='lat' dir='ltr'><strong>propius</strong></span> <span class='ocrx_word' id='word_1_74' title='bbox 679 691 726 724; x_wconf 88' lang='lat' dir='ltr'><strong>ad</strong></span> <span class='ocrx_word' id='word_1_75' title='bbox 760 690 1020 734; x_wconf 78' lang='lat' dir='ltr'><strong>rubiyinosam,</strong></span> <span class='ocrx_word' id='word_1_76' title='bbox 1055 690 1218 733; x_wconf 84' lang='lat' dir='ltr'><strong>inprimis</strong></span> <span class='ocrx_word' id='word_1_77' title='bbox 1250 690 1471 733; x_wconf 73' lang='lat' dir='ltr'><strong>ylutinosam</strong></span> <span class='ocrx_word' id='word_1_78' title='bbox 1502 694 1656 733; x_wconf 85' lang='lat' dir='ltr'><strong>spectat,</strong></span> <span class='ocrx_word' id='word_1_79' title='bbox 1683 689 1735 723; x_wconf 89' lang='lat' dir='ltr'><strong>uti</strong></span> <span class='ocrx_word' id='word_1_80' title='bbox 1767 689 1893 733; x_wconf 82' lang='lat' dir='ltr'><strong>sepala</strong></span> 
     </span>
     <span class='ocr_line' id='line_1_10' title="bbox 339 735 1893 782; baseline -0.002 -9"><span class='ocrx_word' id='word_1_81' title='bbox 339 744 542 773; x_wconf 82' lang='lat' dir='ltr'><strong>tomentosa</strong></span> <span class='ocrx_word' id='word_1_82' title='bbox 563 744 718 782; x_wconf 85' lang='lat' dir='ltr'><strong>angusta</strong></span> <span class='ocrx_word' id='word_1_83' title='bbox 737 737 904 781; x_wconf 84' lang='lat' dir='ltr'>stylique,</span> <span class='ocrx_word' id='word_1_84' title='bbox 924 742 1022 771; x_wconf 89' lang='lat' dir='ltr'><strong>recte</strong></span> <span class='ocrx_word' id='word_1_85' title='bbox 1049 742 1217 771; x_wconf 89' lang='lat' dir='ltr'><strong>monente</strong></span> <span class='ocrx_word' id='word_1_86' title='bbox 1237 736 1389 781; x_wconf 83' lang='lat' dir='ltr'><strong>Burnat‚</strong></span> <span class='ocrx_word' id='word_1_87' title='bbox 1411 736 1670 771; x_wconf 84' lang='lat' dir='ltr'><strong>demonstrant.</strong></span> <span class='ocrx_word' id='word_1_88' title='bbox 1691 736 1758 770; x_wconf 85' lang='lat' dir='ltr'><strong>Est</strong></span> <span class='ocrx_word' id='word_1_89' title='bbox 1777 735 1893 770; x_wconf 78' lang='lat' dir='ltr'><strong>forma</strong></span> 
     </span>
     <span class='ocr_line' id='line_1_11' title="bbox 341 783 1894 828; baseline -0.002 -8"><span class='ocrx_word' id='word_1_90' title='bbox 341 787 457 820; x_wconf 90' lang='lat' dir='ltr'><strong>minus</strong></span> <span class='ocrx_word' id='word_1_91' title='bbox 477 785 667 820; x_wconf 82' lang='lat' dir='ltr'><strong>elaborata</strong></span> <span class='ocrx_word' id='word_1_92' title='bbox 697 785 798 828; x_wconf 84' lang='lat' dir='ltr'><strong>quasi</strong></span> <span class='ocrx_word' id='word_1_93' title='bbox 828 783 1053 827; x_wconf 88' lang='lat' dir='ltr'><strong>intermedia,</strong></span> <span class='ocrx_word' id='word_1_94' title='bbox 1079 783 1214 818; x_wconf 89' lang='lat' dir='ltr'><strong>idcirco</strong></span> <span class='ocrx_word' id='word_1_95' title='bbox 1242 784 1288 818; x_wconf 85' lang='lat' dir='ltr'><strong>R.</strong></span> <span class='ocrx_word' id='word_1_96' title='bbox 1315 784 1524 818; x_wconf 79' lang='lat' dir='ltr'><strong>micranthae</strong></span> <span class='ocrx_word' id='word_1_97' title='bbox 1550 788 1614 817; x_wconf 84' lang='lat' dir='ltr'><strong>aut</strong></span> <span class='ocrx_word' id='word_1_98' title='bbox 1634 783 1894 828; x_wconf 77' lang='lat' dir='ltr'><strong>trachyphyllae</strong></span> 
     </span>
     <span class='ocr_line' id='line_1_12' title="bbox 339 829 1893 876; baseline -0.002 -9"><span class='ocrx_word' id='word_1_99' title='bbox 339 832 595 876; x_wconf 80' lang='lat' dir='ltr'><strong>comparanda,</strong></span> <span class='ocrx_word' id='word_1_100' title='bbox 614 833 708 866; x_wconf 86' lang='lat' dir='ltr'><strong>inter</strong></span> <span class='ocrx_word' id='word_1_101' title='bbox 730 832 953 875; x_wconf 75' lang='lat' dir='ltr'><strong>qlutinosam</strong></span> <span class='ocrx_word' id='word_1_102' title='bbox 970 835 1006 865; x_wconf 84' lang='lat' dir='ltr'><strong>et</strong></span> <span class='ocrx_word' id='word_1_103' title='bbox 1025 831 1195 865; x_wconf 81' lang='lat' dir='ltr'><em>caninam</em></span> <span class='ocrx_word' id='word_1_104' title='bbox 1215 830 1479 874; x_wconf 82' lang='lat' dir='ltr'><strong>quodammodo</strong></span> <span class='ocrx_word' id='word_1_105' title='bbox 1500 830 1686 874; x_wconf 75' lang='lat' dir='ltr'><strong>vacillans,</strong></span> <span class='ocrx_word' id='word_1_106' title='bbox 1706 829 1829 864; x_wconf 79' lang='lat' dir='ltr'><strong>forsan</strong></span> <span class='ocrx_word' id='word_1_107' title='bbox 1849 840 1893 865; x_wconf 86' lang='lat' dir='ltr'><strong>ex</strong></span> 
     </span>
     <span class='ocr_line' id='line_1_13' title="bbox 339 877 1157 924; baseline -0.002 -11"><span class='ocrx_word' id='word_1_108' title='bbox 339 881 489 923; x_wconf 79' lang='lat' dir='ltr'><strong>antiqua</strong></span> <span class='ocrx_word' id='word_1_109' title='bbox 513 879 735 924; x_wconf 89' lang='lat' dir='ltr'><strong>hybriditate</strong></span> <span class='ocrx_word' id='word_1_110' title='bbox 756 883 836 912; x_wconf 88' lang='lat' dir='ltr'><strong>orta</strong></span> <span class='ocrx_word' id='word_1_111' title='bbox 861 888 955 912; x_wconf 92' lang='lat' dir='ltr'><strong>nunc</strong></span> <span class='ocrx_word' id='word_1_112' title='bbox 982 877 1157 912; x_wconf 83' lang='lat' dir='ltr'><strong>stabilita.</strong></span> 
     </span>
    </p>
   </div>
   <div class='ocr_carea' id='block_1_5' title="bbox 915 1042 1198 1084">
    <p class='ocr_par' dir='ltr' id='par_1_5' title="bbox 915 1042 1198 1084">
     <span class='ocr_line' id='line_1_14' title="bbox 915 1042 1198 1084; baseline -0.004 0"><span class='ocrx_word' id='word_1_113' title='bbox 915 1056 949 1084; x_wconf 84' lang='lat' dir='ltr'><strong>c.</strong></span> <span class='ocrx_word' id='word_1_114' title='bbox 980 1042 1198 1084; x_wconf 74' lang='lat' dir='ltr'><strong>VEs&#39;nTAE.</strong></span> 
     </span>
    </p>
   </div>
   <div class='ocr_carea' id='block_1_6' title="bbox 934 1180 1225 1222">
    <p class='ocr_par' dir='ltr' id='par_1_6' title="bbox 934 1180 1225 1222">
     <span class='ocr_line' id='line_1_15' title="bbox 934 1180 1225 1222; baseline 0 0"><span class='ocrx_word' id='word_1_115' title='bbox 934 1184 970 1222; x_wconf 91' lang='lat'><strong>1.</strong></span> <span class='ocrx_word' id='word_1_116' title='bbox 1008 1180 1190 1222; x_wconf 74' lang='lat' dir='ltr'><strong>Villosoe.</strong></span> <span class='ocrx_word' id='word_1_117' title='bbox 1217 1214 1225 1222; x_wconf 93' lang='lat'><strong>.</strong></span> 
     </span>
    </p>
   </div>
   <div class='ocr_carea' id='block_1_7' title="bbox 323 1299 1898 1974">
    <p class='ocr_par' dir='ltr' id='par_1_7' title="bbox 323 1299 1898 1974">
     <span class='ocr_line' id='line_1_16' title="bbox 381 1299 1896 1352; baseline -0.002 -9"><span class='ocrx_word' id='word_1_118' title='bbox 381 1306 443 1343; x_wconf 88' lang='grc'><strong>35.</strong></span> <span class='ocrx_word' id='word_1_119' title='bbox 478 1304 537 1342; x_wconf 86' lang='lat' dir='ltr'><strong>R.</strong></span> <span class='ocrx_word' id='word_1_120' title='bbox 559 1301 821 1352; x_wconf 79' lang='lat' dir='ltr'><strong>pomifera</strong></span> <span class='ocrx_word' id='word_1_121' title='bbox 844 1300 1030 1352; x_wconf 89' lang='lat' dir='ltr'><strong>(Herrm.</strong></span> <span class='ocrx_word' id='word_1_122' title='bbox 1052 1300 1164 1341; x_wconf 86' lang='lat' dir='ltr'><strong>Diss.</strong></span> <span class='ocrx_word' id='word_1_123' title='bbox 1187 1300 1286 1340; x_wconf 88' lang='lat' dir='ltr'><strong>Ros.</strong></span> <span class='ocrx_word' id='word_1_124' title='bbox 1315 1312 1357 1352; x_wconf 90' lang='lat' dir='ltr'><strong>p.</strong></span> <span class='ocrx_word' id='word_1_125' title='bbox 1384 1299 1449 1352; x_wconf 88' lang='lat'><strong>17)</strong></span> <span class='ocrx_word' id='word_1_126' title='bbox 1478 1300 1617 1341; x_wconf 79' lang='lat' dir='ltr'>frutex</span> <span class='ocrx_word' id='word_1_127' title='bbox 1637 1300 1771 1341; x_wconf 87' lang='lat' dir='ltr'><strong>elatus</strong></span> <span class='ocrx_word' id='word_1_128' title='bbox 1798 1299 1896 1341; x_wconf 89' lang='lat' dir='ltr'><strong>den-</strong></span> 
     </span>
     <span class='ocr_line' id='line_1_17' title="bbox 327 1352 1896 1403; baseline -0.002 -7"><span class='ocrx_word' id='word_1_129' title='bbox 327 1366 411 1403; x_wconf 84' lang='lat' dir='ltr'><strong>sus,</strong></span> <span class='ocrx_word' id='word_1_130' title='bbox 434 1354 668 1395; x_wconf 89' lang='lat' dir='ltr'><strong>turionibus</strong></span> <span class='ocrx_word' id='word_1_131' title='bbox 690 1354 854 1400; x_wconf 80' lang='lat' dir='ltr'><strong>erectis,</strong></span> <span class='ocrx_word' id='word_1_132' title='bbox 877 1352 1123 1393; x_wconf 84' lang='lat' dir='ltr'><strong>internodiis</strong></span> <span class='ocrx_word' id='word_1_133' title='bbox 1143 1352 1354 1400; x_wconf 90' lang='lat' dir='ltr'><strong>brevibus,</strong></span> <span class='ocrx_word' id='word_1_134' title='bbox 1376 1353 1506 1393; x_wconf 87' lang='lat' dir='ltr'><strong>ramis</strong></span> <span class='ocrx_word' id='word_1_135' title='bbox 1526 1352 1692 1401; x_wconf 89' lang='lat' dir='ltr'><strong>roridis‚</strong></span> <span class='ocrx_word' id='word_1_136' title='bbox 1714 1352 1896 1393; x_wconf 83' lang='lat' dir='ltr'><strong>homoea-</strong></span> 
     </span>
     <span class='ocr_line' id='line_1_18' title="bbox 326 1400 1896 1457; baseline -0.001 -9"><span class='ocrx_word' id='word_1_137' title='bbox 326 1407 518 1455; x_wconf 87' lang='lat' dir='ltr'><strong>canthus,</strong></span> <span class='ocrx_word' id='word_1_138' title='bbox 548 1406 701 1447; x_wconf 82' lang='lat' dir='ltr'><strong>aculeis</strong></span> <span class='ocrx_word' id='word_1_139' title='bbox 721 1419 744 1447; x_wconf 93' lang='lat' dir='ltr'><strong>e</strong></span> <span class='ocrx_word' id='word_1_140' title='bbox 769 1406 860 1446; x_wconf 85' lang='lat' dir='ltr'><strong>basi</strong></span> <span class='ocrx_word' id='word_1_141' title='bbox 881 1406 1006 1446; x_wconf 78' lang='lat' dir='ltr'><strong>ovata</strong></span> <span class='ocrx_word' id='word_1_142' title='bbox 1032 1406 1255 1446; x_wconf 81' lang='lat' dir='ltr'><strong>attenuata</strong></span> <span class='ocrx_word' id='word_1_143' title='bbox 1280 1405 1405 1446; x_wconf 89' lang='lat' dir='ltr'><strong>rectis</strong></span> <span class='ocrx_word' id='word_1_144' title='bbox 1434 1405 1639 1446; x_wconf 88' lang='lat' dir='ltr'><strong>subulatis</strong></span> <span class='ocrx_word' id='word_1_145' title='bbox 1665 1416 1776 1457; x_wconf 85' lang='lat' dir='ltr'><strong>saepe</strong></span> <span class='ocrx_word' id='word_1_146' title='bbox 1795 1400 1896 1447; x_wconf 85' lang='lat' dir='ltr'><strong>irre-</strong></span> 
     </span>
     <span class='ocr_line' id='line_1_19' title="bbox 327 1457 1896 1512; baseline -0.001 -12"><span class='ocrx_word' id='word_1_147' title='bbox 327 1460 542 1512; x_wconf 88' lang='lat' dir='ltr'><strong>gularibus</strong></span> <span class='ocrx_word' id='word_1_148' title='bbox 561 1459 724 1510; x_wconf 85' lang='lat' dir='ltr'><strong>magnis</strong></span> <span class='ocrx_word' id='word_1_149' title='bbox 744 1458 955 1499; x_wconf 91' lang='lat' dir='ltr'><strong>interdum</strong></span> <span class='ocrx_word' id='word_1_150' title='bbox 975 1458 1157 1499; x_wconf 91' lang='lat' dir='ltr'><strong>minimis</strong></span> <span class='ocrx_word' id='word_1_151' title='bbox 1183 1458 1450 1506; x_wconf 80' lang='lat' dir='ltr'><strong>intermixtis,</strong></span> <span class='ocrx_word' id='word_1_152' title='bbox 1473 1457 1622 1499; x_wconf 89' lang='lat' dir='ltr'><strong>foliolis</strong></span> <span class='ocrx_word' id='word_1_153' title='bbox 1648 1461 1714 1499; x_wconf 83' lang='grc'><strong>5-7</strong></span> <span class='ocrx_word' id='word_1_154' title='bbox 1734 1470 1896 1510; x_wconf 87' lang='lat' dir='ltr'><strong>perma-</strong></span> 
     </span>
     <span class='ocr_line' id='line_1_20' title="bbox 327 1510 1897 1565; baseline -0.001 -12"><span class='ocrx_word' id='word_1_155' title='bbox 327 1513 418 1565; x_wconf 83' lang='lat' dir='ltr'><strong>gnis</strong></span> <span class='ocrx_word' id='word_1_156' title='bbox 452 1512 705 1553; x_wconf 87' lang='lat' dir='ltr'><strong>distantibus</strong></span> <span class='ocrx_word' id='word_1_157' title='bbox 734 1511 923 1563; x_wconf 84' lang='lat' dir='ltr'><strong>oblongis</strong></span> <span class='ocrx_word' id='word_1_158' title='bbox 942 1511 1195 1552; x_wconf 91' lang='lat' dir='ltr'><strong>.toment0sis</strong></span> <span class='ocrx_word' id='word_1_159' title='bbox 1221 1510 1370 1551; x_wconf 85' lang='lat' dir='ltr'><strong>subtus</strong></span> <span class='ocrx_word' id='word_1_160' title='bbox 1395 1511 1507 1552; x_wconf 91' lang='lat' dir='ltr'><strong>inter</strong></span> <span class='ocrx_word' id='word_1_161' title='bbox 1538 1511 1692 1563; x_wconf 91' lang='lat' dir='ltr'><strong>pubem</strong></span> <span class='ocrx_word' id='word_1_162' title='bbox 1721 1510 1897 1562; x_wconf 88' lang='lat' dir='ltr'><strong>glandu-</strong></span> 
     </span>
     <span class='ocr_line' id='line_1_21' title="bbox 323 1563 1895 1616; baseline -0.001 -10"><span class='ocrx_word' id='word_1_163' title='bbox 323 1566 420 1606; x_wconf 91' lang='lat' dir='ltr'><strong>losis</strong></span> <span class='ocrx_word' id='word_1_164' title='bbox 441 1563 810 1616; x_wconf 88' lang='lat' dir='ltr'><strong>glauco-viridibus</strong></span> <span class='ocrx_word' id='word_1_165' title='bbox 837 1563 1316 1615; x_wconf 85' lang='lat' dir='ltr'><strong>composito-biserratiS‚</strong></span> <span class='ocrx_word' id='word_1_166' title='bbox 1339 1563 1504 1615; x_wconf 88' lang='lat' dir='ltr'><strong>petiolis</strong></span> <span class='ocrx_word' id='word_1_167' title='bbox 1524 1563 1895 1615; x_wconf 86' lang='lat' dir='ltr'><strong>tomentoso-glan-</strong></span> 
     </span>
     <span class='ocr_line' id='line_1_22' title="bbox 327 1615 1897 1668; baseline -0.001 -10"><span class='ocrx_word' id='word_1_168' title='bbox 327 1618 481 1658; x_wconf 91' lang='lat' dir='ltr'><strong>dulosis</strong></span> <span class='ocrx_word' id='word_1_169' title='bbox 511 1617 740 1665; x_wconf 84' lang='lat' dir='ltr'><strong>aciculatis,</strong></span> <span class='ocrx_word' id='word_1_170' title='bbox 770 1617 934 1668; x_wconf 90' lang='lat' dir='ltr'><strong>stipulis</strong></span> <span class='ocrx_word' id='word_1_171' title='bbox 962 1616 1165 1664; x_wconf 85' lang='lat' dir='ltr'><strong>dilatatis,</strong></span> <span class='ocrx_word' id='word_1_172' title='bbox 1188 1615 1359 1656; x_wconf 90' lang='lat' dir='ltr'><strong>floribus</strong></span> <span class='ocrx_word' id='word_1_173' title='bbox 1386 1616 1640 1668; x_wconf 86' lang='lat' dir='ltr'><strong>corymbosis</strong></span> <span class='ocrx_word' id='word_1_174' title='bbox 1664 1616 1729 1657; x_wconf 91' lang='lat' dir='ltr'><strong>vel</strong></span> <span class='ocrx_word' id='word_1_175' title='bbox 1754 1616 1897 1657; x_wconf 86' lang='lat' dir='ltr'><strong>solita-</strong></span> 
     </span>
     <span class='ocr_line' id='line_1_23' title="bbox 327 1669 1897 1723; baseline -0.001 -12"><span class='ocrx_word' id='word_1_176' title='bbox 327 1671 413 1719; x_wconf 83' lang='lat' dir='ltr'><strong>riis,</strong></span> <span class='ocrx_word' id='word_1_177' title='bbox 442 1670 676 1723; x_wconf 90' lang='lat' dir='ltr'><strong>pedunculo</strong></span> <span class='ocrx_word' id='word_1_178' title='bbox 695 1669 811 1710; x_wconf 91' lang='lat' dir='ltr'><strong>brevi</strong></span> <span class='ocrx_word' id='word_1_179' title='bbox 837 1669 1101 1721; x_wconf 88' lang='lat' dir='ltr'><strong>receptaculo</strong></span> <span class='ocrx_word' id='word_1_180' title='bbox 1127 1669 1448 1721; x_wconf 89' lang='lat' dir='ltr'><strong>sepalorumque</strong></span> <span class='ocrx_word' id='word_1_181' title='bbox 1474 1669 1596 1710; x_wconf 90' lang='lat' dir='ltr'><strong>dorso</strong></span> <span class='ocrx_word' id='word_1_182' title='bbox 1616 1669 1744 1710; x_wconf 90' lang='lat' dir='ltr'><strong>dense</strong></span> <span class='ocrx_word' id='word_1_183' title='bbox 1763 1669 1897 1709; x_wconf 91' lang='lat' dir='ltr'><strong>acicu-</strong></span> 
     </span>
     <span class='ocr_line' id='line_1_24' title="bbox 326 1720 1895 1775; baseline -0.001 -11"><span class='ocrx_word' id='word_1_184' title='bbox 326 1722 620 1775; x_wconf 86' lang='lat' dir='ltr'><strong>lato-hispidis‚</strong></span> <span class='ocrx_word' id='word_1_185' title='bbox 642 1722 793 1774; x_wconf 88' lang='lat' dir='ltr'><strong>sepalis</strong></span> <span class='ocrx_word' id='word_1_186' title='bbox 812 1721 1053 1773; x_wconf 83' lang='lat' dir='ltr'><strong>longissime</strong></span> <span class='ocrx_word' id='word_1_187' title='bbox 1082 1721 1272 1762; x_wconf 87' lang='lat' dir='ltr'><strong>caudatis</strong></span> <span class='ocrx_word' id='word_1_188' title='bbox 1298 1720 1556 1773; x_wconf 87' lang='lat' dir='ltr'><strong>pinnatifidis</strong></span> <span class='ocrx_word' id='word_1_189' title='bbox 1582 1725 1678 1774; x_wconf 90' lang='lat' dir='ltr'><strong>post</strong></span> <span class='ocrx_word' id='word_1_190' title='bbox 1703 1721 1895 1762; x_wconf 88' lang='lat' dir='ltr'><strong>anthesin</strong></span> 
     </span>
     <span class='ocr_line' id='line_1_25' title="bbox 327 1774 1898 1827; baseline -0.001 -10"><span class='ocrx_word' id='word_1_191' title='bbox 327 1777 490 1824; x_wconf 88' lang='lat' dir='ltr'><strong>erectis,</strong></span> <span class='ocrx_word' id='word_1_192' title='bbox 520 1776 673 1816; x_wconf 78' lang='lat' dir='ltr'><strong>corolla</strong></span> <span class='ocrx_word' id='word_1_193' title='bbox 705 1774 902 1815; x_wconf 89' lang='lat' dir='ltr'><strong>mediocri</strong></span> <span class='ocrx_word' id='word_1_194' title='bbox 934 1775 1067 1823; x_wconf 75' lang='lat' dir='ltr'><strong>rosea,</strong></span> <span class='ocrx_word' id='word_1_195' title='bbox 1101 1774 1219 1827; x_wconf 85' lang='lat' dir='ltr'><strong>stylis</strong></span> <span class='ocrx_word' id='word_1_196' title='bbox 1246 1775 1289 1815; x_wconf 92' lang='lat' dir='ltr'><strong>in</strong></span> <span class='ocrx_word' id='word_1_197' title='bbox 1318 1775 1549 1826; x_wconf 89' lang='lat' dir='ltr'><strong>capitulum</strong></span> <span class='ocrx_word' id='word_1_198' title='bbox 1577 1774 1898 1815; x_wconf 87' lang='lat' dir='ltr'><strong>albo-tomento-</strong></span> 
     </span>
     <span class='ocr_line' id='line_1_26' title="bbox 326 1826 1898 1879; baseline -0.001 -10"><span class='ocrx_word' id='word_1_199' title='bbox 326 1840 416 1869; x_wconf 89' lang='lat' dir='ltr'><strong>sum</strong></span> <span class='ocrx_word' id='word_1_200' title='bbox 438 1828 634 1876; x_wconf 89' lang='lat' dir='ltr'><strong>redactis,</strong></span> <span class='ocrx_word' id='word_1_201' title='bbox 656 1827 832 1868; x_wconf 87' lang='lat' dir='ltr'><strong>urceolis</strong></span> <span class='ocrx_word' id='word_1_202' title='bbox 852 1827 1028 1868; x_wconf 87' lang='lat' dir='ltr'><strong>maturis</strong></span> <span class='ocrx_word' id='word_1_203' title='bbox 1049 1827 1297 1868; x_wconf 87' lang='lat' dir='ltr'><strong>nutantibus</strong></span> <span class='ocrx_word' id='word_1_204' title='bbox 1316 1827 1507 1868; x_wconf 84' lang='lat' dir='ltr'><strong>maximis</strong></span> <span class='ocrx_word' id='word_1_205' title='bbox 1534 1826 1898 1879; x_wconf 84' lang='lat' dir='ltr'><strong>globoso-pyrifor-</strong></span> 
     </span>
     <span class='ocr_line' id='line_1_27' title="bbox 325 1880 1897 1941; baseline -0.001 -19"><span class='ocrx_word' id='word_1_206' title='bbox 325 1881 462 1922; x_wconf 88' lang='lat' dir='ltr'><strong>mibus</strong></span> <span class='ocrx_word' id='word_1_207' title='bbox 497 1881 679 1941; x_wconf 87' lang='lat' dir='ltr'><strong>pulposis</strong></span> <span class='ocrx_word' id='word_1_208' title='bbox 717 1881 938 1933; x_wconf 88' lang='lat' dir='ltr'><strong>purpureis</strong></span> <span class='ocrx_word' id='word_1_209' title='bbox 975 1880 1127 1932; x_wconf 85' lang='lat' dir='ltr'><strong>sepalis</strong></span> <span class='ocrx_word' id='word_1_210' title='bbox 1168 1880 1491 1932; x_wconf 79' lang='lat' dir='ltr'><strong>persistentibus</strong></span> <span class='ocrx_word' id='word_1_211' title='bbox 1536 1880 1685 1921; x_wconf 88' lang='lat' dir='ltr'><strong>erectis</strong></span> <span class='ocrx_word' id='word_1_212' title='bbox 1723 1880 1897 1921; x_wconf 88' lang='lat' dir='ltr'><strong>comosis</strong></span> 
     </span>
     <span class='ocr_line' id='line_1_28' title="bbox 328 1937 552 1974; baseline 0 0"><span class='ocrx_word' id='word_1_213' title='bbox 328 1937 552 1974; x_wconf 84' lang='lat' dir='ltr'><strong>coronatis.</strong></span> 
     </span>
    </p>
   </div>
   <div class='ocr_carea' id='block_1_8' title="bbox 338 2003 1898 2096">
    <p class='ocr_par' dir='ltr' id='par_1_8' title="bbox 338 2003 1898 2096">
     <span class='ocr_line' id='line_1_29' title="bbox 385 2003 1898 2049; baseline -0.001 -10"><span class='ocrx_word' id='word_1_214' title='bbox 385 2005 478 2039; x_wconf 90' lang='lat' dir='ltr'><strong>Hab.</strong></span> <span class='ocrx_word' id='word_1_215' title='bbox 501 2006 537 2039; x_wconf 91' lang='lat' dir='ltr'><strong>in</strong></span> <span class='ocrx_word' id='word_1_216' title='bbox 561 2005 660 2039; x_wconf 84' lang='lat' dir='ltr'><strong>valle</strong></span> <span class='ocrx_word' id='word_1_217' title='bbox 685 2004 811 2048; x_wconf 89' lang='lat' dir='ltr'><strong>Djimil</strong></span> <span class='ocrx_word' id='word_1_218' title='bbox 836 2004 942 2038; x_wconf 91' lang='lat' dir='ltr'><strong>Ponti</strong></span> <span class='ocrx_word' id='word_1_219' title='bbox 962 2005 1083 2038; x_wconf 87' lang='lat' dir='ltr'><strong>Lazici</strong></span> <span class='ocrx_word' id='word_1_220' title='bbox 1105 2004 1198 2047; x_wconf 85' lang='lat' dir='ltr'><strong>(Bal.</strong></span> <span class='ocrx_word' id='word_1_221' title='bbox 1220 2006 1300 2049; x_wconf 86' lang='lat'>312,</span> <span class='ocrx_word' id='word_1_222' title='bbox 1320 2003 1344 2038; x_wconf 90' lang='lat' dir='ltr'><strong>f.</strong></span> <span class='ocrx_word' id='word_1_223' title='bbox 1364 2004 1500 2038; x_wconf 85' lang='lat' dir='ltr'><strong>foliolis</strong></span> <span class='ocrx_word' id='word_1_224' title='bbox 1529 2004 1694 2039; x_wconf 83' lang='lat' dir='ltr'><strong>obovatis</strong></span> <span class='ocrx_word' id='word_1_225' title='bbox 1714 2014 1780 2039; x_wconf 91' lang='lat' dir='ltr'><strong>nec</strong></span> <span class='ocrx_word' id='word_1_226' title='bbox 1800 2008 1839 2038; x_wconf 86' lang='lat' dir='ltr'><strong>ut</strong></span> <span class='ocrx_word' id='word_1_227' title='bbox 1862 2005 1898 2038; x_wconf 90' lang='lat' dir='ltr'><strong>in</strong></span> 
     </span>
     <span class='ocr_line' id='line_1_30' title="bbox 338 2051 1455 2096; baseline -0.001 -10"><span class='ocrx_word' id='word_1_228' title='bbox 338 2058 424 2096; x_wconf 84' lang='lat' dir='ltr'><strong>typo</strong></span> <span class='ocrx_word' id='word_1_229' title='bbox 444 2052 632 2086; x_wconf 85' lang='lat' dir='ltr'><strong>Helvetico</strong></span> <span class='ocrx_word' id='word_1_230' title='bbox 652 2051 1025 2095; x_wconf 87' lang='lat' dir='ltr'><strong>parallele-oblongis,</strong></span> <span class='ocrx_word' id='word_1_231' title='bbox 1045 2057 1214 2086; x_wconf 84' lang='lat' dir='ltr'><strong>caeterum</strong></span> <span class='ocrx_word' id='word_1_232' title='bbox 1236 2051 1455 2095; x_wconf 89' lang='lat' dir='ltr'><strong>conformis).</strong></span> 
     </span>
    </p>
   </div>
   <div class='ocr_carea' id='block_1_9' title="bbox 339 2114 1897 2206">
    <p class='ocr_par' dir='ltr' id='par_1_9' title="bbox 339 2114 1897 2206">
     <span class='ocr_line' id='line_1_31' title="bbox 387 2114 1897 2160; baseline 0.001 -12"><span class='ocrx_word' id='word_1_233' title='bbox 387 2114 454 2149; x_wconf 88' lang='lat' dir='ltr'><strong>Ar.</strong></span> <span class='ocrx_word' id='word_1_234' title='bbox 482 2114 623 2157; x_wconf 79' lang='lat' dir='ltr'><strong>Geogr.</strong></span> <span class='ocrx_word' id='word_1_235' title='bbox 660 2116 806 2159; x_wconf 90' lang='lat' dir='ltr'><strong>Alpium</strong></span> <span class='ocrx_word' id='word_1_236' title='bbox 841 2121 992 2159; x_wconf 84' lang='lat' dir='ltr'><strong>tractus,</strong></span> <span class='ocrx_word' id='word_1_237' title='bbox 1018 2126 1084 2159; x_wconf 89' lang='lat' dir='ltr'><strong>per</strong></span> <span class='ocrx_word' id='word_1_238' title='bbox 1115 2121 1254 2150; x_wconf 88' lang='lat' dir='ltr'><strong>montes</strong></span> <span class='ocrx_word' id='word_1_239' title='bbox 1289 2116 1448 2159; x_wconf 85' lang='lat' dir='ltr'><strong>Europae</strong></span> <span class='ocrx_word' id='word_1_240' title='bbox 1482 2115 1575 2150; x_wconf 91' lang='lat' dir='ltr'><strong>med.</strong></span> <span class='ocrx_word' id='word_1_241' title='bbox 1613 2115 1659 2150; x_wconf 88' lang='lat' dir='ltr'><strong>ad</strong></span> <span class='ocrx_word' id='word_1_242' title='bbox 1694 2115 1897 2160; x_wconf 84' lang='lat' dir='ltr'><strong>Pyrenaeos,</strong></span> 
     </span>
     <span class='ocr_line' id='line_1_32' title="bbox 339 2162 1297 2206; baseline 0 -10"><span class='ocrx_word' id='word_1_243' title='bbox 339 2163 604 2206; x_wconf 89' lang='lat' dir='ltr'><strong>Apenninnum,</strong></span> <span class='ocrx_word' id='word_1_244' title='bbox 623 2163 837 2206; x_wconf 81' lang='lat' dir='ltr'><strong>Carpathos,</strong></span> <span class='ocrx_word' id='word_1_245' title='bbox 857 2163 1020 2197; x_wconf 89' lang='lat' dir='ltr'><strong>Sueciam</strong></span> <span class='ocrx_word' id='word_1_246' title='bbox 1040 2162 1133 2197; x_wconf 89' lang='lat' dir='ltr'><strong>med.</strong></span> <span class='ocrx_word' id='word_1_247' title='bbox 1153 2162 1297 2197; x_wconf 82' lang='lat' dir='ltr'><strong>diffusa.</strong></span> 
     </span>
    </p>
   </div>
   <div class='ocr_carea' id='block_1_10' title="bbox 324 2305 1898 2675">
    <p class='ocr_par' dir='ltr' id='par_1_10' title="bbox 324 2305 1898 2666">
     <span class='ocr_line' id='line_1_33' title="bbox 386 2305 1897 2399; baseline -0.001 -51"><span class='ocrx_word' id='word_1_248' title='bbox 386 2309 450 2348; x_wconf 87' lang='lat'><strong>36.</strong></span> <span class='ocrx_word' id='word_1_249' title='bbox 482 2307 503 2330; x_wconf 84' lang='lat'>*</span> <span class='ocrx_word' id='word_1_250' title='bbox 521 2307 579 2346; x_wconf 82' lang='lat' dir='ltr'><strong>R.</strong></span> <span class='ocrx_word' id='word_1_251' title='bbox 602 2306 781 2347; x_wconf 88' lang='lat' dir='ltr'><strong>mollis</strong></span> <span class='ocrx_word' id='word_1_252' title='bbox 802 2305 907 2358; x_wconf 88' lang='lat' dir='ltr'><strong>(Sm.</strong></span> <span class='ocrx_word' id='word_1_253' title='bbox 930 2305 981 2347; x_wconf 90' lang='lat' dir='ltr'><strong>E.</strong></span> <span class='ocrx_word' id='word_1_254' title='bbox 1003 2306 1053 2346; x_wconf 93' lang='lat' dir='ltr'><strong>B.</strong></span> <span class='ocrx_word' id='word_1_255' title='bbox 1076 2309 1193 2355; x_wconf 87' lang='lat'>2459,</span> <span class='ocrx_word' id='word_1_256' title='bbox 1217 2318 1256 2346; x_wconf 90' lang='lat' dir='ltr'><strong>a.</strong></span> <span class='ocrx_word' id='word_1_257' title='bbox 1282 2305 1417 2399; x_wconf 37' lang='lat'>1812}</span> <span class='ocrx_word' id='word_1_258' title='bbox 1438 2329 1491 2334; x_wconf 90' lang='lat'><em>-</em></span> <span class='ocrx_word' id='word_1_259' title='bbox 1509 2305 1685 2347; x_wconf 89' lang='lat' dir='ltr'><strong>Recedit</strong></span> <span class='ocrx_word' id='word_1_260' title='bbox 1711 2317 1735 2346; x_wconf 86' lang='lat' dir='ltr'><strong>a</strong></span> <span class='ocrx_word' id='word_1_261' title='bbox 1758 2305 1897 2358; x_wconf 90' lang='lat' dir='ltr'><strong>priore</strong></span> 
     </span>
     <span class='ocr_line' id='line_1_34' title="bbox 326 2358 1897 2407; baseline -0.001 -6"><span class='ocrx_word' id='word_1_262' title='bbox 326 2361 492 2401; x_wconf 78' lang='lat' dir='ltr'><strong>statura</strong></span> <span class='ocrx_word' id='word_1_263' title='bbox 511 2359 683 2407; x_wconf 88' lang='lat' dir='ltr'><strong>minore,</strong></span> <span class='ocrx_word' id='word_1_264' title='bbox 712 2359 838 2399; x_wconf 88' lang='lat' dir='ltr'><strong>ramis</strong></span> <span class='ocrx_word' id='word_1_265' title='bbox 866 2359 1125 2399; x_wconf 88' lang='lat' dir='ltr'><strong>brevioribus</strong></span> <span class='ocrx_word' id='word_1_266' title='bbox 1152 2360 1317 2406; x_wconf 89' lang='lat' dir='ltr'><strong>erectis,</strong></span> <span class='ocrx_word' id='word_1_267' title='bbox 1341 2358 1380 2399; x_wconf 85' lang='lat' dir='ltr'><strong>fo</strong></span> <span class='ocrx_word' id='word_1_268' title='bbox 1399 2359 1489 2399; x_wconf 90' lang='lat' dir='ltr'><strong>iolis</strong></span> <span class='ocrx_word' id='word_1_269' title='bbox 1514 2358 1744 2399; x_wconf 89' lang='lat' dir='ltr'><strong>minoribus</strong></span> <span class='ocrx_word' id='word_1_270' title='bbox 1764 2358 1897 2399; x_wconf 88' lang='lat' dir='ltr'><strong>ovatis</strong></span> 
     </span>
     <span class='ocr_line' id='line_1_35' title="bbox 325 2411 1896 2463; baseline -0.002 -9"><span class='ocrx_word' id='word_1_271' title='bbox 325 2425 398 2454; x_wconf 90' lang='lat' dir='ltr'><strong>seu</strong></span> <span class='ocrx_word' id='word_1_272' title='bbox 418 2412 607 2453; x_wconf 89' lang='lat' dir='ltr'><strong>obovatis</strong></span> <span class='ocrx_word' id='word_1_273' title='bbox 628 2424 652 2452; x_wconf 87' lang='lat' dir='ltr'><strong>a</strong></span> <span class='ocrx_word' id='word_1_274' title='bbox 683 2412 926 2463; x_wconf 87' lang='lat' dir='ltr'><strong>proximatis</strong></span> <span class='ocrx_word' id='word_1_275' title='bbox 953 2411 1128 2452; x_wconf 80' lang='lat' dir='ltr'><strong>obscure</strong></span> <span class='ocrx_word' id='word_1_276' title='bbox 1152 2411 1525 2463; x_wconf 86' lang='lat' dir='ltr'><strong>griseo-viridibus,</strong></span> <span class='ocrx_word' id='word_1_277' title='bbox 1549 2411 1720 2452; x_wconf 91' lang='lat' dir='ltr'><strong>floribus</strong></span> <span class='ocrx_word' id='word_1_278' title='bbox 1740 2411 1896 2451; x_wconf 83' lang='lat' dir='ltr'><strong>brevis—</strong></span> 
     </span>
     <span class='ocr_line' id='line_1_36' title="bbox 326 2463 1894 2517; baseline -0.003 -10"><span class='ocrx_word' id='word_1_279' title='bbox 326 2467 429 2507; x_wconf 87' lang='lat' dir='ltr'><strong>sime</strong></span> <span class='ocrx_word' id='word_1_280' title='bbox 460 2465 652 2517; x_wconf 86' lang='lat' dir='ltr'><strong>peduncu</strong></span> <span class='ocrx_word' id='word_1_281' title='bbox 672 2465 766 2513; x_wconf 88' lang='lat' dir='ltr'><strong>atis,</strong></span> <span class='ocrx_word' id='word_1_282' title='bbox 797 2464 947 2516; x_wconf 85' lang='lat' dir='ltr'><strong>sepalis</strong></span> <span class='ocrx_word' id='word_1_283' title='bbox 979 2464 1147 2505; x_wconf 90' lang='lat' dir='ltr'><strong>brevius</strong></span> <span class='ocrx_word' id='word_1_284' title='bbox 1175 2465 1424 2505; x_wconf 80' lang='lat' dir='ltr'><strong>acuminatis</strong></span> <span class='ocrx_word' id='word_1_285' title='bbox 1451 2464 1665 2505; x_wconf 88' lang='lat' dir='ltr'><strong>urceolum</strong></span> <span class='ocrx_word' id='word_1_286' title='bbox 1695 2463 1894 2504; x_wconf 90' lang='lat' dir='ltr'><strong>minorem</strong></span> 
     </span>
     <span class='ocr_line' id='line_1_37' title="bbox 326 2516 1898 2569; baseline -0.002 -10"><span class='ocrx_word' id='word_1_287' title='bbox 326 2522 496 2560; x_wconf 87' lang='lat' dir='ltr'><strong>ovatum</strong></span> <span class='ocrx_word' id='word_1_288' title='bbox 521 2529 594 2558; x_wconf 89' lang='lat' dir='ltr'><strong>seu</strong></span> <span class='ocrx_word' id='word_1_289' title='bbox 616 2517 830 2569; x_wconf 89' lang='lat' dir='ltr'><strong>globosum</strong></span> <span class='ocrx_word' id='word_1_290' title='bbox 858 2516 929 2557; x_wconf 88' lang='lat' dir='ltr'><strong>diu</strong></span> <span class='ocrx_word' id='word_1_291' title='bbox 949 2517 1245 2558; x_wconf 85' lang='lat' dir='ltr'><strong>coronantibus</strong></span> <span class='ocrx_word' id='word_1_292' title='bbox 1277 2516 1351 2558; x_wconf 88' lang='lat' dir='ltr'><strong>sed</strong></span> <span class='ocrx_word' id='word_1_293' title='bbox 1384 2529 1479 2558; x_wconf 88' lang='lat' dir='ltr'><strong>raro</strong></span> <span class='ocrx_word' id='word_1_294' title='bbox 1511 2528 1607 2558; x_wconf 91' lang='lat' dir='ltr'><strong>vere</strong></span> <span class='ocrx_word' id='word_1_295' title='bbox 1638 2516 1898 2568; x_wconf 89' lang='lat' dir='ltr'><strong>persistenti-</strong></span> 
     </span>
     <span class='ocr_line' id='line_1_38' title="bbox 324 2568 1894 2666; baseline -0.002 -54"><span class='ocrx_word' id='word_1_296' title='bbox 324 2572 418 2666; x_wconf 53' lang='grc' dir='ltr'><strong>ἕως,</strong></span> <span class='ocrx_word' id='word_1_297' title='bbox 440 2570 602 2665; x_wconf 58' lang='lat' dir='ltr'><strong>‹tlzorolla</strong></span> <span class='ocrx_word' id='word_1_298' title='bbox 632 2571 994 2622; x_wconf 77' lang='lat' dir='ltr'><strong>roseo-purpurea.</strong></span> <span class='ocrx_word' id='word_1_299' title='bbox 1017 2592 1068 2598; x_wconf 96' lang='lat'><strong>—</strong></span> <span class='ocrx_word' id='word_1_300' title='bbox 1090 2570 1147 2610; x_wconf 81' lang='lat' dir='ltr'><strong>R.</strong></span> <span class='ocrx_word' id='word_1_301' title='bbox 1171 2569 1418 2611; x_wconf 77' lang='lat' dir='ltr'><strong>mollissima</strong></span> <span class='ocrx_word' id='word_1_302' title='bbox 1447 2569 1563 2610; x_wconf 88' lang='lat' dir='ltr'><strong>Fries</strong></span> <span class='ocrx_word' id='word_1_303' title='bbox 1589 2568 1763 2610; x_wconf 89' lang='lat' dir='ltr'><strong>Summa</strong></span> <span class='ocrx_word' id='word_1_304' title='bbox 1789 2568 1894 2620; x_wconf 88' lang='lat' dir='ltr'><strong>Veg.</strong></span> 
     </span>
    </p>

    <p class='ocr_par' dir='ltr' id='par_1_11' title="bbox 359 2626 658 2675">
     <span class='ocr_line' id='line_1_39' title="bbox 359 2626 658 2675; baseline -0.003 -11"><span class='ocrx_word' id='word_1_305' title='bbox 359 2636 436 2665; x_wconf 90' lang='lat' dir='ltr'><strong>can</strong></span> <span class='ocrx_word' id='word_1_306' title='bbox 472 2656 481 2664; x_wconf 95' lang='lat'><strong>.</strong></span> <span class='ocrx_word' id='word_1_307' title='bbox 502 2636 543 2675; x_wconf 91' lang='lat' dir='ltr'><strong>p.</strong></span> <span class='ocrx_word' id='word_1_308' title='bbox 570 2626 658 2664; x_wconf 85' lang='lat'><strong>171.</strong></span> 
     </span>
    </p>
   </div>
   <div class='ocr_carea' id='block_1_11' title="bbox 337 2691 1895 2926">
    <p class='ocr_par' dir='ltr' id='par_1_12' title="bbox 337 2691 1895 2926">
     <span class='ocr_line' id='line_1_40' title="bbox 384 2691 1895 2737; baseline -0.002 -9"><span class='ocrx_word' id='word_1_309' title='bbox 384 2694 477 2728; x_wconf 88' lang='lat' dir='ltr'><strong>Hab.</strong></span> <span class='ocrx_word' id='word_1_310' title='bbox 498 2695 533 2727; x_wconf 92' lang='lat' dir='ltr'><strong>in</strong></span> <span class='ocrx_word' id='word_1_311' title='bbox 554 2694 704 2728; x_wconf 85' lang='lat' dir='ltr'><strong>Graeciae</strong></span> <span class='ocrx_word' id='word_1_312' title='bbox 718 2693 795 2727; x_wconf 91' lang='lat' dir='ltr'><strong>bor.</strong></span> <span class='ocrx_word' id='word_1_313' title='bbox 810 2699 929 2727; x_wconf 87' lang='lat' dir='ltr'><strong>monte</strong></span> <span class='ocrx_word' id='word_1_314' title='bbox 949 2692 1102 2737; x_wconf 88' lang='lat' dir='ltr'><strong>Olympo</strong></span> <span class='ocrx_word' id='word_1_315' title='bbox 1122 2692 1274 2735; x_wconf 90' lang='lat' dir='ltr'><strong>(Heldr.,</strong></span> <span class='ocrx_word' id='word_1_316' title='bbox 1289 2703 1384 2736; x_wconf 87' lang='lat' dir='ltr'><strong>spec.</strong></span> <span class='ocrx_word' id='word_1_317' title='bbox 1405 2693 1440 2726; x_wconf 92' lang='lat' dir='ltr'><strong>in</strong></span> <span class='ocrx_word' id='word_1_318' title='bbox 1462 2692 1517 2726; x_wconf 91' lang='lat' dir='ltr'><strong>Fl.</strong></span> <span class='ocrx_word' id='word_1_319' title='bbox 1535 2691 1596 2727; x_wconf 93' lang='lat' dir='ltr'><strong>Or.</strong></span> <span class='ocrx_word' id='word_1_320' title='bbox 1612 2692 1657 2734; x_wconf 89' lang='lat'><strong>11,</strong></span> <span class='ocrx_word' id='word_1_321' title='bbox 1671 2693 1740 2726; x_wconf 90' lang='grc'><strong>682</strong></span> <span class='ocrx_word' id='word_1_322' title='bbox 1754 2692 1895 2725; x_wconf 90' lang='lat' dir='ltr'><strong>nomine</strong></span> 
     </span>
     <span class='ocr_line' id='line_1_41' title="bbox 337 2738 1894 2784; baseline -0.003 -8"><span class='ocrx_word' id='word_1_323' title='bbox 337 2742 384 2776; x_wconf 84' lang='lat' dir='ltr'><strong>R.</strong></span> <span class='ocrx_word' id='word_1_324' title='bbox 412 2741 635 2776; x_wconf 83' lang='lat' dir='ltr'><strong>Heldreichii</strong></span> <span class='ocrx_word' id='word_1_325' title='bbox 660 2740 855 2775; x_wconf 87' lang='lat' dir='ltr'><strong>salutatum</strong></span> <span class='ocrx_word' id='word_1_326' title='bbox 883 2739 944 2774; x_wconf 88' lang='lat' dir='ltr'><strong>sed</strong></span> <span class='ocrx_word' id='word_1_327' title='bbox 971 2750 1068 2774; x_wconf 87' lang='lat' dir='ltr'><strong>mere</strong></span> <span class='ocrx_word' id='word_1_328' title='bbox 1094 2740 1280 2784; x_wconf 86' lang='lat' dir='ltr'><strong>typicum),</strong></span> <span class='ocrx_word' id='word_1_329' title='bbox 1308 2739 1373 2774; x_wconf 77' lang='lat' dir='ltr'><strong>Ida</strong></span> <span class='ocrx_word' id='word_1_330' title='bbox 1400 2739 1556 2773; x_wconf 87' lang='lat' dir='ltr'><strong>Troadis</strong></span> <span class='ocrx_word' id='word_1_331' title='bbox 1576 2738 1680 2782; x_wconf 85' lang='lat' dir='ltr'><strong>(Sint.</strong></span> <span class='ocrx_word' id='word_1_332' title='bbox 1702 2740 1780 2782; x_wconf 85' lang='lat'>587,</span> <span class='ocrx_word' id='word_1_333' title='bbox 1799 2749 1894 2782; x_wconf 91' lang='lat' dir='ltr'><strong>spec.</strong></span> 
     </span>
     <span class='ocr_line' id='line_1_42' title="bbox 339 2785 1895 2831; baseline -0.002 -9"><span class='ocrx_word' id='word_1_334' title='bbox 339 2788 544 2822; x_wconf 89' lang='lat' dir='ltr'><strong>umbrosum</strong></span> <span class='ocrx_word' id='word_1_335' title='bbox 575 2787 778 2831; x_wconf 91' lang='lat' dir='ltr'><strong>pedunculo</strong></span> <span class='ocrx_word' id='word_1_336' title='bbox 818 2787 1015 2830; x_wconf 84' lang='lat' dir='ltr'><strong>elongato),</strong></span> <span class='ocrx_word' id='word_1_337' title='bbox 1052 2787 1164 2831; x_wconf 89' lang='lat' dir='ltr'><strong>Iyldis</strong></span> <span class='ocrx_word' id='word_1_338' title='bbox 1197 2787 1303 2830; x_wconf 87' lang='lat' dir='ltr'><strong>Dagh</strong></span> <span class='ocrx_word' id='word_1_339' title='bbox 1341 2786 1526 2821; x_wconf 84' lang='lat' dir='ltr'><strong>Anatoliae</strong></span> <span class='ocrx_word' id='word_1_340' title='bbox 1561 2785 1638 2820; x_wconf 91' lang='lat' dir='ltr'><strong>bor.</strong></span> <span class='ocrx_word' id='word_1_341' title='bbox 1673 2785 1832 2830; x_wconf 85' lang='lat' dir='ltr'><strong>(Wied.),</strong></span> <span class='ocrx_word' id='word_1_342' title='bbox 1860 2786 1895 2819; x_wconf 89' lang='lat' dir='ltr'><strong>in</strong></span> 
     </span>
     <span class='ocr_line' id='line_1_43' title="bbox 337 2831 1894 2878; baseline -0.001 -11"><span class='ocrx_word' id='word_1_343' title='bbox 337 2835 434 2869; x_wconf 71' lang='lat' dir='ltr'><strong>valle</strong></span> <span class='ocrx_word' id='word_1_344' title='bbox 451 2835 575 2878; x_wconf 89' lang='lat' dir='ltr'><strong>Djimil</strong></span> <span class='ocrx_word' id='word_1_345' title='bbox 601 2835 708 2868; x_wconf 86' lang='lat' dir='ltr'><strong>Ponti</strong></span> <span class='ocrx_word' id='word_1_346' title='bbox 728 2834 850 2868; x_wconf 85' lang='lat' dir='ltr'><strong>Lazici</strong></span> <span class='ocrx_word' id='word_1_347' title='bbox 873 2834 966 2877; x_wconf 81' lang='lat' dir='ltr'><strong>(Bal.</strong></span> <span class='ocrx_word' id='word_1_348' title='bbox 988 2836 1066 2876; x_wconf 83' lang='lat'>313,</span> <span class='ocrx_word' id='word_1_349' title='bbox 1088 2844 1183 2877; x_wconf 88' lang='lat' dir='ltr'><strong>spec.</strong></span> <span class='ocrx_word' id='word_1_350' title='bbox 1203 2833 1350 2868; x_wconf 84' lang='lat' dir='ltr'><strong>aciculis</strong></span> <span class='ocrx_word' id='word_1_351' title='bbox 1370 2834 1465 2867; x_wconf 89' lang='lat' dir='ltr'><strong>inter</strong></span> <span class='ocrx_word' id='word_1_352' title='bbox 1488 2833 1635 2867; x_wconf 82' lang='lat' dir='ltr'><strong>aculeos</strong></span> <span class='ocrx_word' id='word_1_353' title='bbox 1655 2831 1796 2867; x_wconf 81' lang='lat' dir='ltr'><strong>validos</strong></span> <span class='ocrx_word' id='word_1_354' title='bbox 1821 2842 1894 2867; x_wconf 91' lang='lat' dir='ltr'><strong>cre-</strong></span> 
     </span>
     <span class='ocr_line' id='line_1_44' title="bbox 338 2879 1695 2926; baseline -0.001 -10"><span class='ocrx_word' id='word_1_355' title='bbox 338 2882 503 2916; x_wconf 77' lang='lat' dir='ltr'><strong>berrimis</strong></span> <span class='ocrx_word' id='word_1_356' title='bbox 524 2881 691 2926; x_wconf 89' lang='lat' dir='ltr'><strong>pubeque</strong></span> <span class='ocrx_word' id='word_1_357' title='bbox 710 2892 890 2915; x_wconf 87' lang='lat' dir='ltr'><strong>ramorum</strong></span> <span class='ocrx_word' id='word_1_358' title='bbox 910 2881 1121 2915; x_wconf 73' lang='lat' dir='ltr'><strong>brevissima</strong></span> <span class='ocrx_word' id='word_1_359' title='bbox 1139 2881 1277 2925; x_wconf 88' lang='lat' dir='ltr'><strong>insigne</strong></span> <span class='ocrx_word' id='word_1_360' title='bbox 1295 2885 1466 2915; x_wconf 87' lang='lat' dir='ltr'><strong>caeterum</strong></span> <span class='ocrx_word' id='word_1_361' title='bbox 1487 2879 1695 2924; x_wconf 86' lang='lat' dir='ltr'><strong>conforme).</strong></span> 
     </span>
    </p>
   </div>
   <div class='ocr_carea' id='block_1_12' title="bbox 339 2944 1896 3038">
    <p class='ocr_par' dir='ltr' id='par_1_13' title="bbox 339 2944 1896 3038">
     <span class='ocr_line' id='line_1_45' title="bbox 386 2944 1896 2990; baseline -0.001 -10"><span class='ocrx_word' id='word_1_362' title='bbox 386 2946 452 2980; x_wconf 84' lang='lat' dir='ltr'><strong>Ar.</strong></span> <span class='ocrx_word' id='word_1_363' title='bbox 488 2945 628 2988; x_wconf 78' lang='lat' dir='ltr'><strong>Georg.</strong></span> <span class='ocrx_word' id='word_1_364' title='bbox 657 2948 688 2981; x_wconf 76' lang='lat' dir='ltr'>A</span> <span class='ocrx_word' id='word_1_365' title='bbox 715 2947 843 2982; x_wconf 76' lang='lat' dir='ltr'><strong>Suecia</strong></span> <span class='ocrx_word' id='word_1_366' title='bbox 874 2951 911 2981; x_wconf 87' lang='lat' dir='ltr'><strong>et</strong></span> <span class='ocrx_word' id='word_1_367' title='bbox 935 2946 1126 2980; x_wconf 76' lang='lat' dir='ltr'><strong>Britannia</strong></span> <span class='ocrx_word' id='word_1_368' title='bbox 1151 2956 1217 2990; x_wconf 90' lang='lat' dir='ltr'><strong>per</strong></span> <span class='ocrx_word' id='word_1_369' title='bbox 1244 2945 1472 2980; x_wconf 83' lang='lat' dir='ltr'><strong>Germaniam</strong></span> <span class='ocrx_word' id='word_1_370' title='bbox 1501 2944 1548 2979; x_wconf 86' lang='lat' dir='ltr'><strong>ad</strong></span> <span class='ocrx_word' id='word_1_371' title='bbox 1574 2944 1688 2989; x_wconf 89' lang='lat' dir='ltr'><strong>Alpes</strong></span> <span class='ocrx_word' id='word_1_372' title='bbox 1719 2954 1832 2988; x_wconf 87' lang='lat' dir='ltr'><strong>usque</strong></span> <span class='ocrx_word' id='word_1_373' title='bbox 1861 2949 1896 2978; x_wconf 89' lang='lat' dir='ltr'><strong>et</strong></span> 
     </span>
     <span class='ocr_line' id='line_1_46' title="bbox 339 2993 1179 3038; baseline -0.002 -10"><span class='ocrx_word' id='word_1_374' title='bbox 339 2994 549 3029; x_wconf 83' lang='lat' dir='ltr'><strong>Caucasum.</strong></span> <span class='ocrx_word' id='word_1_375' title='bbox 570 2994 748 3038; x_wconf 86' lang='lat' dir='ltr'><strong>Regiones</strong></span> <span class='ocrx_word' id='word_1_376' title='bbox 768 2993 1056 3028; x_wconf 81' lang='lat' dir='ltr'><strong>Mediterraneas</strong></span> <span class='ocrx_word' id='word_1_377' title='bbox 1076 2993 1179 3037; x_wconf 84' lang='lat' dir='ltr'><strong>fugit.</strong></span> 
     </span>
    </p>
   </div>
  </div>
 </body>
</html>
