2094 3351
229 254 297 291 100

246 335 317 369 Peg.

229 1844 320 1889 625,

990 264 1162 289 simnnAE.
1781 253 1909 290 Silene.

396 387 526 423 Caules
546 387 832 430 4·5-pollicares,
850 386 939 421 folia
956 385 1172 420 intermedia
1188 387 1248 420 8-9
1268 386 1383 420 lineas
1402 386 1512 430 longa
1533 388 1553 420 7
1576 386 1662 430 lata,
1682 386 1858 421 inferiora.
1875 392 1911 421 et

347 435 538 478 superiora
561 434 747 477 diminuta,
769 434 875 478 calyx
895 436 915 468 5
936 433 1051 468 lineas
1071 433 1200 477 longus
1219 438 1302 477 post
1327 433 1494 468 anthesin
1519 438 1651 468 nutans
1675 438 1710 468 et
1735 433 1801 468 sub
1825 443 1911 477 cap·

348 482 430 516 sula
448 482 674 516 constrictus.
690 481 850 525 Capsula
863 486 1009 515 matura
1026 490 1097 514 non
1117 485 1214 514 nota.
1232 480 1378 524 Species
1396 490 1440 515 ex
1460 479 1640 515 affinitate
1659 480 1696 515 S.
1715 480 1911 524 cordifoliae

349 534 385 564 et
403 529 544 563 Lazicoe
558 527 708 563 floribus
728 528 902 563 solitariis
923 534 958 562 et
975 527 1099 572 calyce
1115 532 1197 571 post
1217 527 1384 561 anthesin
1404 533 1556 562 nutante
1573 527 1733 572 insignis.

391 661 445 700 S.
462 658 866 708 macronychia‚
883 657 1026 698 viridis
1042 657 1287 698 indumento
1301 657 1502 698 viscidulo
1515 657 1632 698 brevi
1646 656 1798 705 obsita,
1817 668 1916 698 cau-

334 712 443 753 libus
464 724 487 753 e
505 711 738 752 rhizomate
759 711 876 751 tenui
895 711 1045 751 erectis
1066 710 1221 750 foliosis
1240 710 1369 750 semel
1384 709 1447 750 vel
1466 709 1528 751 bis
1550 708 1796 750 dichotomis
1810 721 1912 762 pau-

335 764 502 813 cifloris,
526 763 632 804 foliis
658 762 926 804 inferioribus
958 762 1147 814 oblongis
1178 763 1312 803 acutis
1337 762 1427 803 basi
1448 762 1634 803 breviter
1662 763 1908 810 attenuatis,

332 817 594 859 intermediis
614 816 763 864 ovatis,
785 816 969 857 bracteis
990 828 1014 855 a
1039 815 1129 855 basi
1150 815 1282 856 sessili
1303 814 1533 856 rotundata
1552 815 1912 867 oblongo-lanceo-

333 871 431 912 latis
459 870 725 917 acuminatis,
748 868 995 921 pedunculis
1022 868 1151 920 calyci
1178 867 1502 919 subaequilongis
1530 867 1642 909 floris
1673 867 1797 908 alaris
1825 867 1913 908 lon-

361 923 534 971 ioribus‚
558 922 699 974 calyce
721 922 865 973 patule
890 920 1311 973 papillari-hispidulo
1339 921 1475 961 nervis
1501 920 1655 972 pallide
1680 920 1912 961 virentibus

333 936 529 1017 {entibus
568 974 1030 1015 lanceolato-subulatis
1069 974 1274 1025 elongatis
1312 972 1493 1014 florifero
1527 973 1650 1025 longe.
1687 972 1911 1025 cylindrico

333 1027 550 1070 fructifero
583 1028 746 1068 clavato
776 1027 853 1068 sub
884 1026 1056 1078 capsula
1085 1026 1406 1074 subconstricto,
1432 1025 1656 1066 filamentis
1684 1025 1913 1077 unguibus-

335 1094 416 1134 que
446 1081 683 1134 petalorum
711 1080 886 1121 exsertis
916 1079 1030 1120 hisce
1061 1079 1218 1131 glabris
1247 1090 1327 1119 non
1356 1079 1615 1127 auriculam,
1639 1078 1793 1119 lamina
1819 1077 1915 1118 alba

332 1135 375 1176 in
405 1135 577 1175 lacinias
605 1133 752 1185 longas
775 1132 1143 1184 lineari-oblongas
1164 1132 1383 1184 bipartita,
1406 1144 1431 1172 a
1462 1131 1706 1184 pendicibus
1727 1131 1914 1183 triangu-

333 1187 491 1229 laribus
511 1187 733 1238 elongatis‚
757 1186 929 1238 capsula
957 1185 1138 1237 oblonga
1164 1184 1361 1225 dentibus
1387 1144 1584 1237 calycinis
1609 1184 1800 1225 breviore
1825 1194 1914 1224 car-

332 1240 518 1294 pophoro
539 1239 773 1292 quadruplo
794 1239 994 1291 longiore,
1017 1237 1245 1279 seminibus
1251 1269 1332 1278 .....
1362 1241 1420 1284 91.

347 1312 485 1399 (AHallli.
503 1311 659 1393 igssv'alle
685 1310 823 1345 Kuram
856 1309 1063 1354 Affghaniae
1091 1310 1185 1344 inter
1214 1319 1329 1353 pagos
1359 1309 1485 1344 Pewar
1519 1315 1554 1344 et
1587 1308 1737 1343 Alikhel
1770 1310 1915 1343 6-7500'

397 1365 445 1394 itc
476 1386 483 1393 .
582 1364 616 1401 .).

391 1423 569 1458 Rhizoma
590 1433 633 1457 ex
651 1422 756 1456 unico
775 1421 921 1456 surculo
941 1426 1049 1455 tenue
1075 1420 1221 1463 nudum,
1249 1420 1372 1455 caules
1406 1420 1663 1464 ¹l2-1-pedales,
1687 1420 1777 1454 folia
1802 1420 1910 1453 inter-

344 1471 463 1506 media
492 1470 696 1514 pollicaria,
726 1468 901 1503 inferiora
927 1474 963 1502 et
992 1468 1181 1511 superiora
1213 1469 1361 1511 minuta,
1395 1467 1499 1512 calyx
1530 1478 1609 1501 cum
1638 1466 1806 1501 dentibus
1835 1466 1913 1501 fere

346 1521 365 1553 3
392 1519 506 1552 lineas
527 1517 644 1561 longis
672 1519 710 1550 11
738 1516 853 1550 lineas
880 1516 1020 1559 longus,
1041 1515 1246 1559 petalorum
1274 1525 1411 1558 ungues
1432 1514 1538 1548 valde
1557 1515 1702 1558 exserti,
1724 1513 1912 1548 filamenta

345 1565 478 1610 petalis
510 1564 756 1608 sublongiora.
787 1563 915 1597 Facies
946 1562 1157 1605 Melandrii,
1188 1562 1250 1596 sed
1277 1562 1361 1606 styli
1387 1562 1494 1596 terni.
1519 1561 1690 1595 Affinitas
1716 1560 1912 1603 subdubia3

344 1612 492 1647 tandem
522 1612 708 1654 hucusque
740 1611 868 1645 melius
899 1616 987 1644 nota
1014 1609 1061 1644 ad
1089 1609 1225 1644 calcem
1256 1610 1556 1644 Auriculatarum
1580 1609 1690 1652 juxta
1715 1608 1753 1644 C.
1778 1618 1912 1643 conme-

346 1660 554 1703 linoefoliam
575 1665 610 1693 et
630 1658 797 1693 Lazicam
819 1656 1034 1692 collocanda
1056 1667 1134 1692 esse
1154 1657 1309 1701 videtur,
1330 1657 1492 1700 quamvis
1513 1667 1652 1700 ungues
1676 1666 1748 1690 non
1771 1655 1913 1690 auricu-

347 1708 414 1742 lati
431 1706 635 1741 videantur.

356 1840 409 1880 S.
433 1838 813 1889 odontopetala
841 1850 849 1878 z

394 1930 450 1964 Ex
470 1929 541 1963 hac
561 1928 681 1972 specie
702 1928 746 1962 cl.
769 1926 997 1971 Celakovsky
1022 1927 1122 1962 Oest.
1143 1927 1217 1961 bot.
1238 1927 1330 1962 Zeit.
1351 1928 1452 1971 1876,
1469 1938 1504 1970 p.
1526 1928 1591 1961 321
1615 1925 1750 1961 formas
1770 1925 1874 1960 binas
1891 1936 1912 1960 a

347 1977 390 2011 cl.
412 1977 536 2019 Fenzl,
556 1975 755 2010 Rohrbach
776 1980 812 2009 et
840 1985 861 2008 a
885 1985 941 2009 me
963 1975 1040 2018 ipso
1060 1975 1144 2009 huic
1174 1974 1433 2009 adnumeratas
1459 1980 1499 2008 ut
1525 1973 1692 2018 specifice
1723 1972 1912 2007 distinctas

347 2024 470 2067 habet,
491 2023 554 2058 sed
573 2023 696 2057 multis
726 2021 980 2066 speciminibus
1009 2033 1053 2057 ex
1083 2022 1191 2056 variis
1218 2022 1306 2056 locis
1334 2022 1554 2065 comparatis
1578 2031 1639 2055 eas
1658 2031 1777 2055 meras
1797 2020 1913 2054 varie-

348 2077 444 2106 tates
463 2071 595 2115 speciei
617 2070 724 2104 valde
744 2069 994 2114 polymorphae
1016 2080 1094 2104 esse
1114 2080 1328 2112 persuasum
1350 2068 1479 2103 habeo.
1501 2069 1635 2103 Forma
1653 2068 1771 2111 major
1792 2068 1911 2110 latifo-

348 2120 399 2154 lia
417 2118 540 2153 viridis
559 2117 616 2152 vel
637 2127 831 2152 canescens
852 2116 949 2150 foliis
969 2116 1169 2160 majoribus
1187 2117 1302 2151 acutis
1325 2116 1374 2159 (S.
1391 2116 1611 2161 physocalyae
1629 2114 1732 2159 Led.)
1750 2115 1786 2149 in
1806 2119 1913 2158 parte

346 2167 460 2210 magis
477 2165 755 2208 septentrionali
773 2164 920 2198 ditionis
939 2165 1079 2207 crescit,
1099 2169 1221 2198 monte
1241 2164 1377 2198 Elbrus
1400 2164 1532 2198 Persiae
1552 2162 1681 2207 (Kys),
1701 2173 1800 2206 prov.
1822 2162 1912 2197 Cau-

349 2214 475 2248 casicis
503 2212 713 2255 (Nordm.!),
743 2212 860 2245 Ponto
892 2212 1024 2245 Lazico
1049 2211 1180 2249 (Auch.
1213 2212 1313 2254 4902)
1337 2216 1373 2245 et
1399 2211 1435 2244 in
1461 2216 1582 2244 monte
1612 2208 1912 2253 Boudouandagh

350 2265 357 2297 l
364 2261 441 2294 Bal.
453 2261 487 2304 1).
502 2260 674 2294 Varietas
689 2259 807 2293 altera
826 2259 1058 2301 cerastiifolia
1076 2269 1120 2292 ex
1137 2258 1318 2292 montibus
1334 2258 1455 2302 Lyciae
1471 2263 1506 2292 et
1520 2258 1632 2292 Tauri
1647 2256 1783 2292 Cilicici
1801 2255 1912 2290 habet

350 2308 438 2342 folia
458 2308 669 2351 angustiora
690 2306 897 2340 lanceolata
918 2311 953 2340 et
970 2306 1188 2339 acuminata.
1210 2306 1250 2339 In
1271 2305 1388 2340 forma
1405 2305 1515 2339 tertia
1529 2305 1565 2339 in
1582 2305 1715 2347 Tauro,
1729 2303 1912 2338 montibus

350 2356 547 2398 Cataoniae,
569 2355 760 2396 Hermone,
779 2353 917 2387 Libano
943 2353 1193 2397 vulgatissima
1215 2352 1304 2387 folia
1332 2352 1508 2386 diminuta
1525 2352 1766 2394 suntvincana
1779 2351 1912 2394 saepius

349 2403 491 2445 obtusa,
511 2401 688 2436 radicalia
704 2400 811 2435 valde
829 2399 1008 2435 conferta.
1029 2400 1169 2443 Quarta
1189 2401 1347 2434 varietas
1372 2399 1476 2434 adest
1502 2410 1523 2434 a
1547 2399 1590 2433 cl.
1611 2398 1839 2443 Celakosvky
1873 2403 1912 2431 ut

349 2450 488 2493 species
508 2449 659 2492 propria
678 2448 713 2482 S.
734 2447 929 2482 candicans
948 2448 1136 2491 proposita
1158 2447 1368 2481 indumento
1392 2457 1482 2481 cano
1514 2451 1550 2481 et
1575 2446 1671 2480 foliis
1691 2445 1912 2489 spathulatis

348 2497 487 2541 plantae
508 2496 636 2530 Libani
658 2502 693 2530 et
708 2495 899 2529 Hermonis
919 2495 1111 2538 simillima,
1129 2494 1192 2529 sed
1210 2494 1313 2538 cujus
1328 2494 1470 2538 calyces
1487 2492 1911 2528 canescenti-tomentelli

350 2555 416 2578 nec
435 2543 642 2588 glandulosi
662 2548 755 2577 sunt.
782 2542 915 2576 Forma
945 2543 1071 2585 quinta
1098 2541 1253 2585 denique
1282 2541 1407 2575 formae
1436 2541 1556 2576 tertiae
1583 2545 1618 2575 et
1644 2545 1784 2584 quartae
1815 2539 1912 2574 foliis

349 2592 471 2636 parvis
493 2596 528 2625 et
549 2590 757 2624 indumento
778 2600 868 2624 cano
891 2589 1016 2623 similis
1045 2588 1167 2624 differt
1196 2594 1337 2623 tantum
1364 2587 1514 2623 floribus
1541 2586 1807 2622 subminoribus
1829 2585 1912 2621 sub-

349 2638 535 2673 sessilibus
555 2638 668 2681 magis
689 2637 878 2681 congestis.

231 2775 323 2821 626,
353 2776 450 2824 post
473 2772 526 2811 S.
551 2770 989 2821 odontopetalam
1010 2769 1147 2810 insere
1170 2782 1178 2810 :

395 2859 448 2898 S.
473 2857 786 2898 Raddeana¹
818 2855 1012 2908 (Trautv.
1043 2855 1106 2896 Pl.
1137 2854 1242 2896 Nov.
1275 2855 1326 2903 V,
1360 2867 1402 2907 p.
1437 2856 1479 2901 4)
1511 2867 1534 2895 e
1569 2854 1740 2895 caudice
1772 2865 1914 2894 crasso

337 2911 582 2952 tenuissime
606 2921 827 2962 squamoso
857 2908 985 2950 dense
1014 2908 1258 2961 pulvinaris,
1294 2907 1401 2948 foliis
1433 2907 1687 2948 radicalibus
1715 2906 1913 2948 rosulatis

234 3051 301 3142 ff}
319 3051 356 3133 ἐς.
378 3051 582 3122 {laddeana
600 3051 750 3085 Trautv.
772 3061 816 3085 ex
835 3051 994 3085 auctoris
1020 3052 1108 3084 nota
1133 3049 1337 3094 posteriore
1360 3065 1401 3076 =
1422 3048 1458 3084 S.
1476 3048 1730 3092 odontopetala
1750 3045 1779 3085 β.
1800 3057 1911 3081 ceras-

251 3112 274 3133 ιι
297 3110 316 3134 ο
332 3110 397 3134 za..
