2115 3250
202 181 428 227 Hypericum.
905 189 1168 214 HYPERICINEAE.
1809 179 1874 214 127

201 262 270 296 Pag.

305 313 381 354 bus
400 312 670 365 simplicibus,
693 310 800 352 foliis
820 311 992 352 minutis
1013 310 1399 361 obovato-oblongis
1417 310 1576 351 obtusis
1592 310 1753 351 inferne
1768 314 1875 352 atte-

306 366 444 406 nuatis
464 364 676 406 sessilibus
702 375 828 415 parce
854 363 1204 415 nigro-punctatis
1232 363 1423 414 margine
1449 363 1742 411 subrevolutis,
1765 363 1874 403 flori-

305 418 383 459 bus
412 421 479 458 3-5
507 417 749 458 brevissime
777 416 1069 468 pedunculatis
1094 416 1137 456 in
1163 427 1327 475 cymam
1354 415 1617 456 terminalem
1644 416 1875 465 capitatam

306 470 528 522 congestis,
550 469 733 510 bracteis
760 469 1004 510 lanceolatis
1024 468 1278 509 brevissimis
1304 468 1494 519 margine
1520 467 1728 518 glandulis
1755 468 1875 508 sessi-

305 522 413 563 libus
439 522 599 570 obsitiS,
628 533 672 562 se
704 521 778 562 alis
805 520 1231 572 oblongo-linearibus
1261 520 1395 561 acutis
1415 519 1806 579 pellucido-lineatis
1833 524 1876 560 et

305 575 494 626 margine
513 573 669 625 glandu
688 574 721 614 is
741 574 871 625 nigris
891 573 1104 614 sessilibus
1124 572 1284 620 obsitis‚
1307 573 1458 624 petalis
1480 572 1876 623 nigro-glandulosis

306 627 446 679 calyce
480 626 605 678 duplo
642 626 913 678 longioribus,
953 625 1144 678 carpellis
1187 624 1551 677 longitudinaliter
1591 628 1634 665 et
1677 624 1877 676 parallele

305 680 467 720 vittatis
495 683 553 727 Ql.

362 749 455 783 Hab.
476 749 512 783 in
531 749 627 783 arvis
644 747 829 783 sterilibus
844 758 958 792 prope
978 747 1156 792 Kythraea
1176 748 1285 792 Cypri
1305 746 1407 791 (Sint.
1429 752 1464 782 et
1484 747 1621 791 Rigo!).

365 813 495 847 Caules
515 813 798 856 2-5-pollicares,
819 812 907 846 folia
927 814 988 846 3-4
1004 812 1118 846 lineas
1138 812 1257 856 longa.
1278 812 1405 846 Facies
1422 812 1470 845 H.
1491 812 1621 854 leprosi
1640 815 1676 846 et
1695 812 1742 845 H.
1763 811 1878 855 oriqa-

317 860 446 903 m'folii,
464 860 527 894 sed
547 859 821 894 characteribus
839 859 972 903 calycis
992 864 1027 893 et
1047 859 1291 902 carpellorum
1305 859 1399 893 inter
1421 858 1696 893 Triadem'oidea
1715 858 1875 892 militans

313 907 490 987 juxtadfl.
510 907 730 941 erenulatum
751 906 933 941 robustius
953 912 1064 949 atque
1085 905 1181 940 foliis
1198 905 1562 948 undulato-crenatis,
1575 905 1710 948 sepalis
1725 905 1876 948 obtusis,

319 958 397 997 etc.,
443 964 609 988 iversum.

359 1088 424 1127 H.
463 1087 669 1127 Cuisini
698 1086 880 1138 (Barbey
908 1087 951 1127 in
978 1085 1089 1127 Bull.
1118 1085 1211 1127 Soc.
1243 1085 1380 1126 Vaud.
1411 1085 1478 1127 Sc.
1510 1084 1610 1126 Nat.
1650 1087 1766 1134 1885)
1798 1085 1875 1126 sub

305 1139 417 1180 lente
453 1140 614 1180 minute
650 1138 1097 1191 pruinoso-velutinum
1126 1139 1404 1190 eaespitosum,
1438 1138 1567 1179 ramis
1593 1150 1615 1178 e
1647 1137 1877 1178 rhizomate

304 1192 501 1232 indurato
519 1191 686 1244 pumilis
706 1191 901 1232 tenuibus
922 1191 1179 1243 simplicibus
1199 1191 1389 1243 rigidulis
1414 1191 1559 1232 crebre
1578 1190 1748 1239 foliosis,
1768 1189 1876 1231 foliis

302 1245 475 1285 minutis
495 1245 694 1296 oppositis
713 1244 927 1285 sessilibus
948 1244 1136 1296 oblongis
1158 1248 1202 1285 et
1215 1244 1406 1296 ellipticis
1420 1243 1582 1285 obtusis
1601 1255 1727 1295 parce
1776 1243 1877 1284 ellu-

305 1297 415 1337 cido-
430 1301 473 1338 et
486 1297 852 1349 nigro-punctatis,
869 1296 1039 1337 floribus
1055 1300 1122 1338 5-9
1142 1297 1185 1337 in
1205 1308 1367 1349 cymam
1380 1296 1645 1337 terminalem
1661 1307 1737 1337 con
1757 1297 1874 1345 ertis‚

303 1349 486 1391 bracteis
513 1350 710 1391 brevibus
741 1349 985 1390 lanceolatis
1021 1349 1291 1401 glandulosis‚
1331 1349 1484 1401 sepalis
1523 1349 1876 1400 nigro-punctatis

305 1402 497 1454 ellipticis
522 1402 730 1454 glandulis
749 1403 879 1453 nigris
898 1402 1084 1443 breviter
1109 1402 1312 1454 stipitatis
1331 1402 1558 1454 pectinatis
1588 1401 1873 1450 acutiusculis,

304 1455 454 1506 petalis
473 1454 870 1507 nigro-glandulosis
898 1455 1039 1507 calyce
1066 1455 1191 1507 triplo
1219 1455 1492 1507 longioribus,
1523 1454 1715 1506 carpellis
1746 1454 1877 1506 longi-

304 1507 552 1549 tudjnaliter
570 1514 613 1548 et
631 1507 831 1560 parallele
850 1507 1013 1548 vittatis
1040 1511 1098 1555 Q.

364 1579 458 1613 Hab.
474 1580 511 1613 in
529 1579 726 1613 declivibus
741 1578 916 1622 lapidosis
930 1579 1062 1613 montis
1079 1579 1235 1623 Elympo
1248 1578 1376 1613 insulae
1390 1578 1602 1622 Karpathos
1618 1578 1745 1622 (Pichl.
1766 1579 1831 1612 139
1841 1578 1876 1622 !).

365 1642 495 1678 Caules
525 1642 673 1686 rigiduli
699 1644 759 1676 3-4
787 1642 939 1686 pollices
971 1642 1082 1686 longi,
1115 1642 1204 1676 folia
1236 1644 1295 1676 3-4
1323 1642 1438 1676 lineas
1466 1642 1587 1686 longa.
1616 1641 1735 1676 Valde
1766 1641 1877 1676 affine

316 1689 366 1724 H.
384 1689 539 1724 modesto
558 1689 739 1734 glabritie‚
759 1689 895 1733 sepalis
912 1690 1029 1724 acutis
1046 1689 1229 1733 pellucide
1248 1689 1392 1724 lineatis
1419 1694 1455 1724 et
1479 1689 1662 1733 glandulis
1689 1689 1875 1724 sessilibus

317 1737 529 1780 marginatis
550 1737 702 1771 diverso.

202 1870 293 1916 794,
326 1868 390 1909 H.
414 1871 720 1916 cuneatum,
743 1866 852 1908 adde
874 1880 882 1908 :

364 1953 467 1988 Hah?
478 1954 514 1988 in
533 1953 684 1997 rupibus
704 1953 750 1988 ad
767 1953 997 1988 Antiochiam
1014 1952 1132 1988 forma
1157 1952 1307 1988 floribus
1326 1952 1595 1996 submajoribus
1613 1958 1649 1987 et
1668 1954 1705 1987 in
1731 1953 1875 1996 spelun-

320 2001 369 2035 cis
387 2002 518 2035 montis
537 1999 796 2035 Yamourdaba
816 2000 924 2044 Dagh
952 2000 1085 2035 Ciliciae
1111 2000 1287 2035 Tracheae
1307 2002 1409 2035 4200'
1437 2000 1565 2045 (Per.!)
1593 1999 1712 2034 forma
1739 2000 1877 2044 pumila

318 2048 426 2082 ramis
443 2047 754 2091 1·2-pollicaribus
774 2047 994 2091 paucifloris.

201 2176 292 2222 795,
321 2176 417 2225 post
435 2174 498 2214 H.
521 2173 758 2214 Athoum
777 2173 916 2214 insere
937 2186 946 2214 ι

358 2259 422 2298 Η.
444 2258 931 2299 nummularioides
951 2258 1145 2309 (Trautv.
1168 2257 1317 2299 Radde
1336 2258 1460 2299 Reise
1483 2261 1597 2307 1866,
1614 2271 1656 2310 p.
1682 2260 1772 2310 157)
1791 2259 1879 2311 gla-

303 2311 532 2351 berrimum
553 2311 761 2362 glaucum,
785 2311 971 2352 caulibus
991 2311 1208 2352 herbaceis
1224 2310 1429 2352 teretibus
1449 2311 1707 2363 simplicibus
1722 2312 1879 2352 tenuis-

307 2363 420 2403 simis
441 2363 777 2412 ascendentibus,
800 2363 907 2404 foliis
935 2363 1075 2415 parvis
1102 2363 1295 2416 ellipticis
1323 2363 1522 2415 utrinque
1550 2363 1787 2405 rotundatis
1814 2364 1878 2405 vel

307 2416 423 2467 apice
442 2416 595 2457 retusis
614 2416 859 2457 brevissime
876 2416 1089 2468 petiolatis
1108 2416 1351 2468 patentibus
1371 2416 1548 2468 integris
1567 2417 1729 2457 minute
1747 2416 1879 2468 pellu-

308 2468 647 2520 cido—punctatis,
671 2470 790 2521 cyma
809 2469 1019 2509 terminali
1038 2467 1281 2521 pauciflora,
1302 2469 1485 2510 bracteis
1510 2469 1682 2510 minutis
1704 2469 1879 2522 glandu-

306 2521 599 2569 loso-serratis‚
617 2522 768 2581 sepalis
789 2521 979 2574 ellipticis
1001 2521 1296 2562 obtusiusculis
1315 2521 1525 2573 glandulis
1545 2522 1675 2574 nigris
1695 2522 1880 2563 breviter

308 2574 508 2626 stipitatis
543 2574 806 2626 marginatis,
844 2575 995 2626 petalis
1028 2574 1168 2626 calyce
1205 2573 1440 2626 quadruplo
1471 2574 1728 2626 longioribus
1761 2575 1880 2627 apice

307 2637 432 2678 parce
451 2626 883 2678 glanduloso-ciliatis,
906 2627 1097 2679 carpellis
1103 2658 1183 2668 .....
1213 2630 1271 2674 Q.

369 2696 462 2730 Hab.
491 2697 527 2730 in
556 2696 740 2731 Abchasia
766 2697 962 2732 Caucasiea
995 2696 1041 2731 ad
1070 2697 1189 2732 fontes
1220 2696 1319 2732 fluvii
1347 2697 1473 2732 Kodor
1501 2697 1547 2732 ad
1577 2697 1719 2732 radices
1748 2698 1879 2732 montis

323 2743 470 2777 Nachar
488 2745 591 2777 6000‘
611 2743 768 2788 (Radde)
789 2744 885 2787 (Non
904 2744 1003 2788 vidi).

369 2806 499 2841 Caules
518 2806 757 2850 semipedales
775 2808 831 2841 vel
853 2808 911 2841 vix
929 2808 1121 2851 longiores,
1143 2807 1232 2841 folia
1251 2810 1272 2841 4
1287 2807 1402 2842 lineas
1418 2808 1527 2852 longa
1545 2809 1603 2842 vix
1621 2810 1641 2842 3
1659 2808 1776 2843 lineas
1790 2808 1878 2842 lata.

321 2853 377 2886 Ex
396 2853 441 2887 cl.
462 2858 610 2887 auctore
630 2853 740 2888 affine
760 2855 808 2888 H.
825 2855 1065 2889 nummulario
1083 2855 1178 2889 foliis
1200 2855 1400 2897 majoribus
1423 2855 1634 2889 orbiculatis
1655 2855 1813 2898 diverso;
1835 2855 1879 2890 de

323 2900 494 2953 yittarum
512 2900 548 2934 in
569 2901 719 2944 capsula
737 2901 970 2945 dispositione
991 2908 1026 2936 et
1044 2903 1230 2936 structura
1244 2902 1333 2935 nihil
1354 2902 1501 2945 indicat,
1516 2902 1596 2936 ideo
1619 2902 1779 2937 affinitas
1793 2903 1880 2936 mihi

322 2953 472 2981 incerta.
