2115 3250
199 209 388 244 Dianthus.
947 219 1120 242 snaivs&
1827 211 1869 244 81

198 289 268 323 Pag.

199 345 289 390 514,
323 343 383 382 D.
405 341 698 393 pinifolius,
719 340 827 381 adde
849 352 857 380 :

367 426 429 460 Ar.
450 425 593 469 Geogr.
614 426 759 462 Serbia!
779 426 973 460 Valachia!

198 574 288 620 514,
321 572 381 611 D.
403 571 668 620 lilacinus,
692 571 801 611 adde
823 583 832 611 t

357 659 394 710 β.
426 655 708 697 androsaceus
727 656 862 697 Boiss.
885 660 927 696 et
947 655 1094 696 Heldr.
1111 679 1163 684 —-—
1182 656 1322 697 Dense
1343 657 1600 709 caespitosus,
1617 656 1716 697 folia
1735 659 1874 698 omnia

301 708 487 749 rosulata
506 709 889 749 setaceo-subulata
908 712 977 750 4-5
997 709 1128 750 lineas
1149 712 1317 749 tantum
1337 709 1475 761 longa,
1499 709 1621 750 flores
1641 710 1683 750 in
1704 720 1783 751 caes
1815 711 1874 752 ite

300 761 543 802 subsessiles
563 764 630 802 2-3
652 762 825 813 capitati
849 761 915 802 vel
941 761 1129 802 solitarii.
1160 761 1306 802 Facies
1334 762 1700 803 Acanthola'mom's
1720 775 1775 803 an
1808 777 1874 804 ro-

299 813 422 855 sacei.
444 813 479 854 A
500 817 599 866 typo
618 815 770 866 speciei
788 814 925 866 prima
940 813 1078 855 fronte
1097 815 1265 855 omnino
1285 814 1482 864 alienum,
1505 815 1579 856 sed
1599 828 1650 856 ex
1670 815 1721 856 cl.
1744 815 1874 856 Held-

299 866 413 907 reich
432 865 575 908 formae
595 867 856 908 intermediae
876 866 1024 908 adesse
1043 867 1252 908 videntur.

360 938 453 972 Hab.
471 939 507 972 in
526 943 648 973 monte
668 938 824 983 Kyllene
845 938 1050 982 (Pichlerl).

195 1082 286 1128 515,
320 1080 378 1120 D.
402 1079 776 1128 intermedius,
799 1078 908 1120 adde
928 1091 936 1119 :

359 1167 452 1201 Hab.
470 1167 506 1201 in
523 1172 644 1201 monte
664 1166 888 1211 Kitirlidagh
904 1177 1020 1210 prope
1039 1167 1210 1201 Brussam
1230 1167 1401 1211 (Pichl.!).

195 1312 289 1358 517,
319 1309 522 1349 Tunica
543 1309 839 1361 qlumacea‚
861 1308 994 1350 adde:

358 1396 451 1431 Hab.
479 1397 515 1430 in
549 1397 752 1441 Eurytania
780 1407 895 1440 prope
925 1396 1171 1430 Mikrochorio
1206 1398 1309 1430 2500'
1336 1402 1371 1431 et
1400 1396 1625 1440 Cephalonia
1656 1397 1703 1431 ad
1735 1398 1872 1442 Hagios

313 1444 486 1488 Georgios
510 1443 696 1487 (Heldr.!).

194 1584 284 1630 518,
315 1587 410 1634 post
429 1583 485 1622 Τ.
508 1582 921 1633 Pamphylicam
941 1582 1079 1623 insere
1102 1595 1110 1623 ε

349 1671 400 1710 Τ.
423 1670 696 1717 Peronini,
719 1681 859 1710 annua
873 1670 949 1710 sub
971 1670 1084 1710 lente
1104 1670 1267 1710 minute
1287 1670 1751 1722 pruinoso-pubescens,
1775 1682 1870 1712 cau-

294 1723 402 1764 libus
423 1735 448 1763 a
467 1722 570 1763 collo
590 1722 779 1774 pluribus
804 1723 953 1763 erectis
973 1723 1163 1775 rigidulis
1196 1735 1221 1762 a
1249 1727 1370 1775 parte
1403 1723 1600 1764 inferiore
1633 1723 1870 1766 dichotome

298 1780 340 1817 et
370 1776 516 1816 stricte
534 1775 709 1815 ramosis
732 1775 942 1827 ramisque
962 1776 1148 1816 tenuiter
1166 1776 1356 1827 virgatis,
1380 1775 1487 1816 foliis
1508 1780 1688 1828 anguste
1708 1777 1871 1818 lanceo-

296 1829 394 1869 latis
423 1828 616 1869 elevatim
642 1828 851 1868 trinerviis
883 1828 1347 1877 subulam-attenuatis,
1375 1828 1546 1869 fioribus
1579 1829 1870 1871 terminalibus

296 1881 491 1922 solitariis
511 1880 713 1933 pedicello
733 1892 860 1932 supra
880 1879 978 1921 folia
997 1892 1194 1933 suprema
1212 1881 1458 1922 brevissimo
1485 1882 1615 1934 calyci
1636 1883 1871 1935 aequilongo

295 1934 357 1975 vel
384 1934 571 1985 longiore
602 1932 798 1982 suffultis,
830 1933 981 1986 phyllis
1014 1934 1210 1987 calycinis
1248 1935 1359 1975 senis
1396 1935 1628 1975 imbricatis
1661 1936 1870 1987 pruinosis

297 1987 539 2028 lanceolatis
567 1986 777 2027 trinerviis
807 1986 1171 2038 albo-marginatis
1202 1987 1320 2038 apice
1350 1987 1557 2028 subulatis
1585 1988 1870 2040 superioribus

297 2040 479 2092 calycem
496 2039 775 2091 aequantibus,
795 2039 935 2090 calyce
956 2039 1108 2091 phyllis
1129 2043 1245 2080 arcte
1270 2040 1530 2081 involucrato
1551 2052 1732 2093 superne
1757 2042 1871 2093 prui-

296 2104 396 2133 noso
415 2093 459 2132 in
479 2091 626 2132 dentes
645 2091 1099 2143 oblongo-lanceolatos
1123 2092 1580 2134 albo-membranaceos
1600 2099 1871 2135 mucronatos

294 2144 405 2193 fisso,
427 2145 578 2237 petalis
604 2144 830 2185 linearibus
856 2145 1032 2196 integris
1060 2145 1209 2186 albidis
1235 2149 1356 2187 extus
1376 2146 1549 2187 rubellis
1570 2147 1867 2196 semiexsertis,

298 2209 425 2250 capsu
442 2198 476 2238 is
483 2229 563 2238 .....
588 2200 651 2246 Θ.

354 2269 447 2304 Hab.
476 2270 512 2303 in
542 2269 724 2304 montibus
759 2269 806 2303 ad
839 2280 1011 2304 cacumen
1040 2270 1141 2305 urbis
1180 2273 1366 2305 Anamour
1406 2271 1540 2306 Ciliciae
1578 2272 1754 2306 Tracheae
1792 2272 1871 2306 sitis

309 2317 477 2356 (Peronin
487 2317 521 2361 1).
542 2317 693 2351 Florere
711 2317 836 2360 incipit
854 2316 971 2351 medio
991 2317 1013 2351 J
1017 2319 1112 2351 unio.

353 2379 485 2413 Planta
504 2378 582 2414 fere
601 2379 754 2423 pedalis,
780 2379 868 2414 folia
895 2380 1020 2414 tenuia
1045 2380 1124 2414 basi
1149 2386 1306 2415 connata
1331 2380 1506 2416 inferiora
1530 2383 1588 2415 6-7
1609 2381 1725 2416 lineas
1748 2382 1868 2426 longa.

308 2426 421 2471 Calyx
442 2437 521 2460 eum
541 2427 699 2470 squamis
720 2428 740 2460 3
769 2427 884 2461 lineas
910 2427 1050 2471 longus.
1083 2428 1120 2462 T.
1147 2428 1381 2473 Pamphyliea
1405 2427 1525 2462 affinis
1551 2429 1666 2463 multo
1693 2430 1870 2463 ramosior

309 2478 363 2508 est
382 2479 417 2508 et
433 2474 547 2517 magis
567 2472 776 2516 multiflora,
801 2474 879 2516 ejus
904 2484 1063 2518 squamae
1090 2475 1356 2510 numerosiores
1382 2481 1465 2509 sunt
1494 2475 1618 2520 calyce
1647 2476 1758 2520 triplo
1788 2476 1868 2510 bre-

307 2521 425 2555 viores
444 2520 659 2565 calycesque
677 2520 910 2555 multinervii.

191 2670 281 2716 518,
310 2671 406 2720 post
424 2668 478 2708 T.
499 2667 817 2709 Thessalam
836 2668 973 2709 insere
996 2681 1004 2709 :

347 2754 397 2793 T.
417 2764 601 2794 macra
624 2753 775 2806 (Boiss.
794 2761 837 2795 et
856 2753 1062 2806 Haussk.)
1079 2755 1266 2796 caulibus
1286 2767 1336 2796 ex
1350 2755 1582 2797 rhizomate
1600 2756 1716 2797 brevi
1737 2756 1867 2798 nodu-

295 2806 381 2846 loso
400 2805 589 2858 pluribus
609 2807 758 2847 erectis
778 2807 968 2858 rigidulis
984 2807 1073 2859 jam
1099 2806 1209 2848 infra
1227 2807 1412 2849 medium
1433 2808 1670 2850 dichotome
1689 2810 1866 2851 ramosis

294 2857 455 2899 inferne
487 2858 563 2899 sub
596 2858 709 2900 lente
741 2859 1221 2911 glanduloso-puberulis
1253 2873 1302 2901 su
1334 2873 1432 2902 erne
1464 2861 1622 2913 glabris
1656 2863 1868 2914 ramisque

295 2911 499 2962 elongatis
518 2911 703 2952 tenuiter
721 2912 784 2952 vir
816 2913 911 2960 atis,
934 2911 1040 2953 foliis
1060 2913 1232 2953 minutis
1261 2914 1304 2954 in
1323 2913 1527 2954 erioribus
1557 2914 1867 2955 lineari-oblon-

296 2964 357 3016 gis
378 2964 459 3004 cito
480 2964 711 3012 exsiccatis,
730 2964 794 3005 dic
826 2965 1076 3005 otomiarum
1097 2978 1121 3005 a
1139 2965 1232 3006 basi
1252 2965 1431 3007 dilatata
1445 2966 1652 3007 subulatis
1672 2967 1866 3008 brevissi-

1655 3040 1677 3076 6
