2115 3250
187 198 369 234 Lactuca.
921 209 1143 233 comosum-2.
1800 203 1869 239 323

188 280 215 305 θ
257 300 263 306 .

218 287 254 314 ag
301 333 547 426 fftenussaltist,
573 344 719 426 lpaggo
751 332 907 373 caduco
937 336 996 379 Qi.
1029 332 1082 373 L.
1118 332 1409 386 Hoffmeisteri
1439 335 1633 376 Klotzsch
1659 337 1701 376 in
1726 336 1863 378 Wald.

343 397 415 426 eis.
494 417 503 434 ,
547 397 570 425 a
605 417 613 425 .
693 417 702 425 .

360 456 453 490 Hab.
471 457 506 490 in
526 457 625 491 silvis
646 455 800 490 humidis
820 455 866 489 ad
887 455 1061 490 Shendtoi
1082 455 1286 499 Affghaniae
1307 458 1471 491 9-11500'
1491 459 1628 501 (Aitch.
1649 461 1761 502 9971).

359 520 400 553 In
420 519 536 553 Hook.
558 520 613 553 Fl.
633 519 722 553 Brit.
744 518 821 552 Ind.
836 529 916 553 cum
929 519 973 553 L.
988 519 1229 553 macrorrhizci
1249 521 1439 563 associata,
1455 522 1518 556 sed
1533 522 1641 565 hujus
1658 523 1737 557 icon
1752 524 1866 569 Royle

314 566 450 600 Illustr.
470 566 543 600 tab.
564 568 618 600 61.
640 566 802 609 plantam
819 565 1096 600 diversissimam
1118 566 1275 600 exhibet.
1292 566 1346 601 Ob
1362 568 1513 602 achenia
1529 579 1572 602 ex
1592 570 1694 603 icone
1709 577 1867 606 rostrata

312 613 482 648 Laetucae
502 613 621 656 potius
640 622 747 656 quam
764 613 952 656 Mulyedio
972 612 1256 647 adnumeranda.

360 675 429 710 Ar.
450 674 593 717 Geogr.
615 675 728 719 Regio
748 675 951 709 Himalaica
971 680 1187 719 temperata.

192 810 284 853 818,
319 808 372 846 L.
403 807 655 854 viminea,
679 805 787 846 adde
809 818 818 846 t

356 892 449 927 Hab.
470 893 507 927 in
526 892 700 937 lapidosis
714 892 852 926 Hariab
874 891 1079 937 Affghaniae
1099 893 1232 936 (Aitch.
1253 895 1350 934 884).

183 1027 282 1071 819,
318 1026 372 1064 L.
397 1024 704 1073 orientalis,
722 1023 831 1065 adde
853 1036 861 1065 :

355 1111 449 1146 Hab.
470 1112 505 1146 in
526 1112 622 1146 valle
639 1111 757 1146 Ouadi
772 1112 892 1146 Ashar
910 1111 1044 1146 deserti
1057 1112 1445 1157 AEgyptiaeo-Arabici
1462 1114 1711 1159 (Schweinffl),
1726 1117 1762 1150 in
1776 1117 1869 1160 lapi-

308 1159 403 1194 dosis
422 1159 560 1193 Hariab
582 1158 786 1203 Affghaniae
809 1158 944 1202 (Aitch.
966 1160 1096 1202 12252).
1858 1156 1867 1166 ’

181 1293 280 1337 1820,
317 1291 867 1342 Cephalorrhynchus
888 1291 1259 1342 glandulosus,
1282 1291 1391 1332 adde
1414 1304 1421 1331 :

352 1377 419 1411 Ar.
441 1376 584 1420 Geogr.
603 1377 783 1412 Valachia
802 1377 849 1412 ad
865 1383 991 1421 portas
1012 1378 1150 1413 ferreas
1170 1378 1328 1412 Danubii
1346 1378 1527 1414 inferioris
1548 1380 1606 1424 (cl.
1624 1381 1811 1426 Boi-basi).

187 1513 281 1557 822,
313 1510 653 1551 Zollikoferia
673 1510 964 1558 tenuiloba,
988 1509 1097 1550 adde
1121 1522 1129 1550 ε

352 1598 446 1633 Hab.
474 1599 512 1633 in
537 1598 689 1633 desertis
718 1598 764 1632 ad
794 1599 1076 1642 septentrionem
1105 1598 1223 1634 Ouadi
1250 1599 1411 1634 Tumilat
1440 1601 1597 1644 regionis
1628 1602 1865 1647 AEgyptiaco—

308 1645 476 1680 Arabicae
497 1645 745 1689 (Schweinf.!).

187 1779 280 1823 822,
311 1776 362 1817 Ζ.
387 1775 723 1822 cassiniana‚
747 1773 857 1815 adde
879 1786 887 1814 :

351 1864 445 1900 Hah.
463 1865 499 1898 in
521 1863 674 1899 Oasibus
695 1863 878 1898 Farafrah
899 1868 934 1898 et
951 1863 1070 1898 Dachl
1090 1864 1243 1909 AEgypti
1265 1864 1450 1908 (Aschers.
1464 1867 1498 1905 !).

184 1998 279 2041 824,
311 1995 361 2035 Ζ.
382 1994 706 2042 nudicaulis‚
730 1993 839 2035 adde
861 2006 869 2034 ;

354 2081 447 2115 Hab.
472 2081 507 2114 in
528 2080 734 2115 Palaestinae
755 2080 852 2114 valle
872 2079 1024 2115 Jordani
1050 2080 1096 2115 ad
1117 2080 1264 2115 Jericho
1295 2081 1510 2126 (Kerstenl),
1531 2083 1566 2117 in
1596 2084 1702 2118 vallis
1729 2084 1865 2119 Kuram

305 2128 511 2173 Affghaniae
530 2128 643 2162 alveis
663 2127 800 2168 (Aitch.
821 2129 907 2169 302).

186 2263 277 2309 824,
309 2264 405 2312 post
423 2260 474 2299 Z.
495 2259 843 2299 nudicaulem
863 2259 999 2300 insere
1022 2271 1029 2299 :

343 2348 392 2387 Z.
415 2347 653 2387 secunda
673 2345 844 2397 (Clarke
860 2345 1006 2397 Comp.
1025 2345 1116 2386 Iud.
1131 2349 1195 2394 27,
1213 2346 1289 2387 sub
1306 2346 1680 2400 Microrrhyncho)
1698 2360 1837 2389 annua
1847 2350 1866 2389 ἶ)

295 2399 442 2451 glabra
462 2399 526 2440 vel
544 2411 669 2452 parce
688 2399 868 2451 hispida,
898 2397 1004 2439 foliis
1030 2398 1284 2439 radicalibus
1307 2399 1519 2440 sessilibus
1542 2401 1781 2442 runcinato-
1801 2403 1861 2442 vel

290 2453 303 2493 l
335 2451 704 2504 rato-pinnatifidis
731 2451 835 2492 lobis
862 2451 1101 2492 rotundatis
1129 2451 1419 2504 irregulariter
1446 2453 1642 2494 lobulatis
1672 2458 1715 2494 et
1742 2459 1865 2495 acute

320 2505 573 2553 enticulatis,
597 2504 715 2545 caule
735 2504 926 2545 subnudo
947 2505 1058 2545 elato
1078 2505 1225 2545 stricto
1245 2505 1421 2557 simplici
1449 2506 1509 2546 vel
1532 2517 1657 2557 parce
1681 2518 1860 2550 ramoso,

292 2558 484 2609 capitulis
505 2558 709 2610 elongatis
731 2558 921 2609 angustis
947 2557 1160 2598 sessilibus
1187 2558 1228 2598 in
1255 2569 1442 2598 racemos
1468 2558 1753 2600 subsecundos
1784 2559 1863 2600 dis—

291 2611 450 2662 positis,
476 2610 675 2651 involucri
704 2609 760 2662 ph
791 2610 856 2651 llis
885 2610 970 2650 late
999 2610 1364 2662 albo-marginatis
1396 2612 1579 2651 externis
1600 2612 1732 2652 ovatis
1759 2612 1864 2653 inte-

293 2663 467 2703 rioribus
501 2663 727 2703 linearibus
771 2661 978 2703 ructiferis
1004 2662 1211 2703 induratis
1239 2663 1554 2704 conniventibus
1576 2676 1701 2705 nervo
1726 2665 1863 2705 medio

291 2716 568 2767 prominente,
608 2715 790 2756 acheniis
832 2715 1142 2756 columnaribus
1179 2716 1477 2756 multicostatis
1518 2716 1689 2757 laevibus
1726 2729 1863 2769 pappo

291 2769 412 2809 niveo
432 2768 675 2820 aequilongis
697 2768 773 2816 ΘῬ
795 2767 1044 2810 ΟΙιοηάνὶίΖα
1063 2768 1247 2809 secunda
1267 2769 1398 2821 Royle
1416 2768 1516 2809 Mss.

352 2839 446 2873 Hah.
467 2839 513 2873 ad
532 2839 703 2873 Shalizan
720 2839 825 2873 vallis
847 2839 983 2873 Kuram
1006 2838 1211 2883 Affghaniae
1234 2839 1368 2882 (Aitch.
1390 2840 1471 2882 672)
1492 2839 1587 2881 (Non
1606 2840 1704 2883 vidi).

351 2903 456 2937 Folia
475 2902 652 2936 radicalia
671 2902 950 2945 4-7-pollicaria‚
972 2902 1095 2936 caules
1118 2902 1354 2945 1-2-pedales,
1380 2903 1541 2946 capitula
1565 2905 1586 2936 4
1608 2903 1721 2938 lineas
1744 2904 1866 2948 longa.

349 2965 417 3000 Ar.
441 2965 582 3008 Geogr.
603 2967 718 3010 Regio
739 2967 940 3001 Himalaica
959 2967 1205 3001 occidentalis.
