2115 3250
195 235 230 271 H
233 236 401 272 ieracium
410 266 416 272 .
913 247 1138 273 GOMPOSITAE.
1797 239 1864 274 327

193 317 254 351 Pag

297 369 357 411 H.
381 369 460 411 Ma
519 369 685 411 ariciam
712 369 787 410 Nae
821 401 830 410 .
853 373 896 410 et
922 368 1014 410 Pet.
1049 369 1175 410 Pilos.
1235 401 1243 410 .
1277 372 1367 410 566.
1389 392 1441 398 ——
1473 370 1532 410 H.
1565 370 1865 423 stoloniferum

301 422 446 463 Petter
458 383 526 463 {ff
549 422 687 463 Dalm.
710 445 761 450 —
831 453 840 462 .
862 423 1169 463 sarmentosum
1223 422 1315 462 roel.

357 494 449 528 Hab.
470 496 548 528 tota
568 493 644 528 fere
664 493 811 527 ditione.
829 492 921 527 Vide
940 492 1038 527 locos
1057 494 1093 526 in
1114 493 1169 526 Fl.
1190 493 1251 527 Or.
1273 494 1416 527 citatos.

357 557 424 591 Ar.
443 557 583 599 Geogr.
605 557 798 592 Germania
817 557 1020 600 praesertim
1048 557 1234 592 orientalis
1261 563 1296 591 et
1322 557 1505 601 australis,
1539 558 1735 601 Dalmatia,
1766 559 1865 602 regio

312 604 538 648 Danubialis⁷
558 604 697 648 Bossia,
715 604 968 638 Scandinavia.

192 735 284 780 863,
317 733 381 772 Η.
403 735 670 783 petraeum
690 743 801 772 nunc
821 743 846 771 a
862 731 984 772 claris
1004 730 1123 783 Naeg.
1145 735 1188 772 et
1210 731 1303 772 Pet.
1334 731 1387 772 ad
1413 733 1640 773 varietates
1666 731 1726 772 H.
1757 732 1867 785 alpi-

296 784 393 825 coloe
413 783 618 825 Schleich.
641 784 877 824 reductum.
900 806 951 812 —
970 783 1090 824 Adde
1113 796 1121 824 ε

357 873 424 907 Ar.
447 873 588 915 Geogr.
609 874 723 917 Alpes
743 874 936 917 Helvetiae,
953 874 1111 917 regionis
1130 874 1359 908 Danubialis.

190 1018 281 1063 663,
312 1026 387 1066 pro
414 1015 477 1054 H.
511 1015 712 1055 Sabino
737 1026 844 1066 pone
866 1027 874 1055 :
901 1015 966 1055 H.
989 1025 1274 1065 cymosum
1295 1014 1342 1055 L.
1372 1018 1408 1068 β.
1439 1014 1661 1065 Sabinum,
1683 1015 1866 1056 varietas

295 1067 388 1119 pilis
408 1067 540 1119 partis
560 1066 766 1108 inferioris
787 1067 917 1108 caulis
935 1067 1189 1119 longioribus
1207 1072 1250 1108 et
1264 1068 1461 1120 corymbo
1479 1069 1613 1119 magis
1632 1072 1864 1120 compacto.

298 1120 397 1160 Dele
417 1131 508 1172 syn.
534 1132 542 1160 :
572 1120 632 1160 Η.
664 1119 886 1161 Persicum
918 1119 1051 1160 Boiss.
1088 1119 1141 1160 ad
1174 1120 1233 1161 H.
1267 1134 1489 1173 procerum
1521 1125 1732 1173 spectans.
1762 1121 1864 1161 Var.

294 1176 331 1226 β.
354 1172 676 1214 melanoclzoeton
699 1191 745 1206 z
766 1173 815 1213 H
819 1205 827 1213 .
852 1172 1138 1226 lonyiscapum
1156 1172 1290 1214 Boiss.
1309 1173 1406 1214 olim
1424 1173 1591 1214 videtur
1606 1173 1741 1214 forma
1756 1174 1869 1214 inter

298 1226 354 1266 H.
376 1225 576 1319 6013&ssch
596 1229 638 1266 et
657 1225 914 1267 Auriculam
934 1225 1126 1274 hybrida,
1150 1226 1209 1267 Η.
1232 1226 1581 1279 spathopleyllum
1601 1230 1638 1281 β.
1663 1227 1869 1278 Zonqz'sca-

293 1292 395 1331 pum
458 1311 466 1319 .
522 1310 531 1319 .

189 1419 280 1464 864,
314 1417 378 1456 Η.
410 1427 715 1467 procerum,
743 1415 852 1456 adde
881 1427 971 1468 syn.
999 1429 1007 1456 :
1040 1415 1100 1456 H.
1136 1415 1355 1456 Persicum
1384 1415 1518 1456 Boiss.
1546 1416 1699 1467 Diagn.
1724 1414 1814 1456 Ser.
1832 1415 1866 1463 I,

294 1469 352 1509 XI
373 1469 453 1510 huc
468 1469 608 1520 aptius
629 1481 752 1520 quam
775 1468 829 1509 ad
849 1468 913 1509 H.
938 1468 1145 1510 Sabinum
1164 1473 1374 1521 spectans.

352 1556 431 1590 Huc
451 1562 618 1600 spectare
631 1556 718 1590 mihi
731 1556 900 1590 videntur
920 1557 1117 1600 specimina
1138 1567 1181 1591 ex
1198 1562 1319 1591 monte
1340 1557 1568 1600 Bingoldagh
1585 1557 1767 1591 Armeniae
1785 1555 1866 1600 (Ky.

308 1604 419 1646 5025),
437 1603 651 1637 Libanotica
673 1603 754 1648 (Ky.
772 1605 839 1637 329
853 1604 874 1647 ἔ)
895 1609 930 1637 et
951 1603 1205 1647 Cappadocica
1226 1604 1339 1648 (mons
1357 1604 1527 1647 Alidagh,
1545 1604 1614 1648 leg.
1640 1603 1827 1647 Balansa),
1847 1614 1868 1637 a

306 1661 362 1685 me
383 1650 429 1684 ad
449 1651 497 1684 H.
516 1651 688 1685 Balamae
708 1651 838 1685 relata.
858 1651 908 1685 H.
929 1651 1105 1685 Bazansae
1121 1651 1237 1685 Boiss.
1258 1651 1389 1694 Diagn.
1405 1662 1448 1685 ex
1468 1656 1589 1685 monte
1603 1650 1869 1694 Bulghardagh

306 1698 473 1742 Phrygiae
489 1698 649 1741 ejusdem
670 1698 802 1741 speciei
820 1698 937 1732 forma
952 1704 1006 1732 est
1021 1698 1162 1742 longius
1182 1704 1302 1732 setosa
1318 1704 1352 1732 et
1367 1698 1537 1741 capitulis
1557 1698 1811 1741 hispidissimis
1826 1713 1868 1724 z

303 1745 352 1778 H.
369 1755 558 1789 procerum
579 1746 606 1783 β.
634 1746 819 1779 Balansae.
842 1745 1030 1788 specimen
1051 1756 1093 1779 ex
1114 1745 1212 1788 Pylis
1234 1745 1389 1779 Cilicicis
1410 1745 1489 1779 Bal.
1513 1747 1580 1779 653
1605 1761 1645 1772 z
1668 1745 1715 1779 H.
1735 1744 1868 1779 radula

308 1792 410 1826 Fries
429 1792 552 1836 Epicr.
572 1802 594 1826 a
614 1792 658 1826 cl.
678 1793 780 1835 Naeg.
796 1798 831 1826 et
850 1792 928 1826 Pet.
947 1792 1014 1826 Pil.
1034 1803 1069 1835 p.
1089 1794 1158 1826 499
1179 1792 1225 1826 ad
1244 1793 1295 1827 H.
1321 1793 1514 1836 setigerum
1531 1792 1674 1826 Tausch
1692 1797 1732 1826 ut
1752 1791 1869 1825 forma

306 1838 460 1883 hybrida
476 1843 683 1882 procer0><
696 1839 867 1873 Pilosella
888 1839 1092 1883 adducitur,
1113 1839 1175 1873 sed
1196 1839 1281 1873 mihi
1307 1839 1352 1873 ab
1375 1839 1426 1874 H.
1441 1850 1592 1883 procero
1611 1849 1682 1873 non
1701 1838 1868 1882 specifice

307 1886 439 1920 differt.
458 1886 619 1920 Tandem
640 1887 685 1920 cl.
703 1886 804 1929 Naeg.
826 1891 862 1920 et
881 1887 957 1920 Pet.
978 1886 1002 1920 l.
1021 1887 1081 1920 cit.
1106 1897 1139 1929 p.
1159 1887 1228 1920 490
1248 1886 1294 1920 ab
1321 1887 1369 1921 H.
1397 1887 1554 1921 echioide
1581 1891 1616 1920 et
1645 1886 1693 1920 H.
1718 1896 1869 1930 procero

305 1932 470 1976 specifice
500 1933 726 1977 distinguunt
756 1933 805 1968 H.
834 1933 1071 1968 Caucasicum
1096 1934 1139 1968 N.
1169 1939 1205 1967 et
1234 1934 1273 1967 P.
1301 1944 1345 1968 ex
1379 1934 1494 1977 pratis
1520 1934 1652 1967 montis
1685 1933 1868 1967 Beschtan

308 1981 459 2014 Caucasi
480 1980 586 2023 (Hoh.
610 1982 698 2015 1843
719 1980 785 2014 sub
806 1981 855 2014 H.
880 1981 1064 2024 setiyeroll
1087 1980 1131 2014 ob
1153 1980 1242 2014 folia
1265 1981 1409 2015 caulina
1430 1981 1509 2015 basi
1535 1981 1649 2024 magis
1669 1979 1869 2014 rotundata

307 2033 343 2062 et
360 2028 745 2071 semiamplexicaulia.
767 2027 944 2071 Equidem
967 2028 1012 2062 ab
1034 2028 1082 2062 H.
1102 2038 1251 2072 procero
1271 2028 1330 2061 vix
1352 2028 1592 2071 sejungerem.

188 2161 278 2205 866,
313 2159 376 2198 H.
410 2159 658 2198 Graecum
685 2157 919 2198 naturalius
946 2158 988 2198 in
1016 2169 1144 2209 grege
1171 2157 1328 2199 Villosa
1348 2169 1473 2209 quam
1499 2158 1611 2198 inter
1633 2155 1868 2199 Cerinthoz'-

293 2211 368 2252 (lea
390 2210 692 2252 collocandum.
715 2210 878 2252 Praeter
897 2210 1188 2251 indumentum
1211 2210 1332 2251 affine
1353 2210 1411 2251 H.
1431 2210 1597 2264 ylauoo.

188 2352 279 2397 867,
313 2350 378 2389 Η.
399 2336 741 2398 undulatum,
765 2349 873 2390 adde
896 2362 904 2390 :

306 2438 512 2529 (HHleclssn
538 2438 685 2482 regione
712 2438 836 2482 alpina
867 2438 1040 2472 montium
1071 2438 1225 2473 Veluchi
1254 2438 1467 2483 Eurytaniae
1498 2443 1532 2472 et
1565 2438 1691 2472 Korax
1718 2437 1868 2472 AEtoliae

356 2496 374 2520 e
418 2497 492 2520 r...

188 2618 279 2664 869,
314 2615 378 2655 Η.
402 2625 721 2666 pannosum,
742 2614 851 2656 adde
874 2627 882 2655 :

351 2703 444 2738 Hab.
473 2704 508 2737 in
538 2704 719 2738 montibus
748 2704 884 2738 Parnes
914 2704 1060 2747 Atticae,
1087 2704 1175 2739 OEta
1200 2704 1423 2739 Phthiotidis
1461 2704 1496 2738 in
1529 2704 1676 2748 regione
1706 2703 1868 2738 abietina

307 2750 481 2793 (Heldr.!)
503 2758 538 2785 et
556 2750 721 2795 Beidagh
743 2751 861 2795 Lyciae
882 2751 1087 2793 (Pichlerl).

347 2848 383 2884 γ.
415 2830 660 2872 Friwaldiz'.
684 2855 733 2858 —
753 2830 870 2871 Folia
890 2831 1136 2883 angustiora
1156 2836 1295 2872 acuta.
1317 2855 1368 2860 —-
1387 2831 1447 2871 H.
1477 2830 1710 2872 Frizcalclz‘i
1731 2830 1865 2871 Rchb.

295 2884 350 2924 lc.
373 2883 488 2932 XIX,
508 2895 548 2935 p.
572 2886 637 2932 94,
661 2883 749 2924 tab.
776 2887 867 2925 196.

354 2955 447 2989 Hab.
475 2956 509 2989 in
538 2955 647 2989 Creta
675 2954 819 2997 (Friv.!)
848 2960 882 2988 et
910 2955 945 2988 in
965 2954 1148 2989 montibus
1177 2955 1353 2989 Drakona
1384 2955 1619 2999 (Reverch.!),
1646 2955 1804 2988 Thracia
1833 2955 1867 2987 in

307 3002 431 3036 Haemo
452 3012 563 3045 supra
586 3001 763 3036 Kasanlik
786 3001 971 3045 (Janka!).
