2115 3250
206 239 305 274 Rosa.
944 244 1126 269 ROSACEAE.
1808 231 1875 266 ⁹223

205 321 274 354 Peg.

309 384 388 424 que
426 370 663 416 aciculosiS‚
703 368 851 409 foliolis
889 367 1116 419 maj0ribus
1153 367 1350 418 utrinque
1388 366 1515 407 dense
1551 365 1876 418 pubescentibus

308 436 436 476 supra
467 421 746 475 eglandulosis
778 419 887 461 infra
918 421 1028 460 inter
1059 423 1292 460 tomentum
1325 418 1581 470 glandulosis
1614 417 1878 469 glanduloso-

306 476 537 523 biserratis‚
559 474 740 515 bracteis
767 472 1151 519 cano-tomentosiS,
1173 471 1325 523 sepalis
1350 471 1454 511 late·
1477 474 1520 511 et
1541 470 1878 521 foliaceo-pinna—

309 528 451 569 tifidis.

366 598 460 633 Hab.
481 599 516 632 in
536 602 656 632 monte
676 597 858 631 Parnasso
885 596 1036 630 Graeciae
1064 595 1200 638 (Guicc.
1227 595 1321 637 210),
1352 593 1477 628 eodem
1495 598 1663 627 monente
1684 594 1822 626 Burnat
1843 594 1878 626 in

319 646 387 680 litt.
409 646 446 679 in
465 644 576 679 Herb.
594 643 749 678 Vindob.
767 643 832 677 sub
851 654 884 676 n.
905 644 1007 686 2681,
1026 643 1130 686 Crep.
1151 642 1259 675 Prim.
1280 642 1322 684 V,
1343 643 1422 674 642.

366 710 494 743 Facies
511 709 699 742 luxurians
720 707 896 752 hybridae,
916 706 1045 740 habitu
1071 706 1222 750 propius
1255 705 1301 739 ad
1328 705 1373 739 R.
1396 704 1664 746 Heckelianam,
1693 704 1878 737 characte-

319 756 418 790 ribus
439 756 559 799 potius
580 755 626 789 ad
644 755 870 799 qlutinosam
890 753 1077 788 accedens.
1098 753 1180 787 Jam
1209 762 1230 786 a
1251 753 1392 786 Burnat
1421 756 1457 785 et
1484 751 1620 785 Gremli
1649 751 1684 784 in
1713 750 1783 784 litt.
1813 761 1879 794 pro

322 802 438 837 forma
455 802 669 836 intermedia
690 808 727 836 et
747 800 903 845 hybrida
923 801 1120 844 recognita,
1133 800 1276 833 nomine
1291 799 1335 833 R.
1356 798 1585 833 Guicciardii
1598 797 1692 831 ined.
1707 798 1879 831 salutata.

364 928 422 966 R.
454 925 1006 977 qlutinoso><qlauca‚
1035 923 1290 975 glaberrima
1315 934 1439 970 nana,
1462 921 1588 961 ramis
1614 919 1727 961 haud
1752 919 1881 971 pube-

307 979 409 1019 rulis
430 979 584 1019 aculeis
604 977 751 1018 validis
772 977 952 1017 incurvis
974 981 1016 1017 et
1035 976 1101 1016 hic
1118 976 1201 1016 illic
1221 975 1389 1016 aciculis
1410 973 1702 1025 glandulisque
1722 972 1882 1024 aliquot

308 1031 498 1084 strigosis
519 1030 760 1079 instructis⁴
773 1028 922 1070 foliolis
941 1028 1170 1080 maj0ribus
1195 1039 1323 1079 supra
1349 1026 1630 1078 eglandulosis
1659 1025 1768 1066 infra
1787 1037 1881 1076 par-

311 1084 385 1124 tim
414 1084 457 1124 in
482 1083 665 1124 nervillis
690 1081 946 1135 glandulosis
972 1092 1082 1121 nunc
1113 1079 1416 1121 orbicularibus
1448 1090 1558 1119 nunc
1585 1078 1882 1119 ovato-acumi-

307 1137 433 1185 natis
455 1135 620 1188 stipulis
639 1135 921 1187 superioribus
938 1133 1056 1174 valde
1072 1133 1275 1181 dilatatis,
1291 1131 1462 1172 floribus
1483 1131 1678 1171 solitariis
1698 1131 1882 1171 breviter

307 1188 621 1241 pedunculatis‚
661 1187 927 1239 receptaculo
965 1190 1087 1227 ovato
1132 1185 1367 1238 sepalisque
1408 1183 1668 1236 pinnatifidis
1711 1182 1882 1223 reflexo-

307 1241 551 1293 patentibus
577 1241 722 1281 setulis
750 1240 857 1280 raris
883 1239 1085 1292 praeditis.
1121 1262 1172 1267 —
1202 1238 1259 1279 R.
1299 1237 1419 1278 OEtea
1450 1237 1614 1277 Burnat
1646 1240 1688 1276 et
1724 1235 1882 1277 Gremli

310 1294 412 1335 Rev.
435 1294 535 1334 Ros.
559 1293 632 1335 Or.
654 1293 765 1333 ined.

366 1365 461 1399 Hab.
481 1365 518 1399 in
535 1364 684 1399 Graeciae
701 1364 780 1398 bor.
802 1368 923 1397 monte
943 1363 1029 1396 OEta
1052 1363 1264 1396 5500-6300Ι
1283 1360 1453 1405 (Heldr.).

367 1430 514 1464 Faciem
529 1429 687 1463 colorem
706 1427 1011 1462 inflorescentiam
1027 1427 1254 1461 exactissime
1268 1426 1313 1461 R.
1330 1427 1468 1470 ylaucae
1488 1435 1592 1459 nanae
1613 1424 1765 1468 praebet,
1784 1424 1884 1461 hete-

322 1477 513 1511 racanthia
534 1475 789 1520 glandulisque
809 1474 1069 1509 subfoliaribus
1090 1474 1313 1518 ylutinosam
1332 1472 1469 1507 indicat
1487 1485 1494 1506 :
1516 1472 1748 1506 characteres
1760 1471 1885 1515 juxta—

320 1524 430 1567 positi
449 1534 516 1558 nec
532 1523 647 1557 mixti.

366 1646 425 1684 R.
462 1644 1104 1696 glutinoso><moschata‚
1132 1641 1271 1682 frutex
1302 1642 1365 1682 uti
1400 1640 1566 1681 videtur
1599 1640 1787 1681 modicus
1812 1641 1888 1680 mi-

311 1697 423 1738 nime
461 1708 610 1745 nanus,
651 1696 778 1737 ramis
815 1695 1062 1736 internodiis
1100 1695 1321 1746 elongatis,
1356 1694 1513 1746 partim
1541 1692 1884 1742 heteracanthus,

313 1749 468 1791 aculeis
499 1750 607 1790 raris
644 1748 817 1789 aduncis
853 1747 1049 1789 brevibus
1084 1746 1234 1788 validis
1265 1747 1333 1787 hic
1371 1746 1456 1787 illic
1495 1746 1665 1787 aciculis
1698 1747 1887 1797 strigosis

310 1802 602 1854 irregulariter
642 1800 916 1849 intermixtis,
956 1799 1105 1840 foliolis
1148 1799 1272 1840 modo
1310 1799 1367 1840 R.
1404 1798 1631 1851 ,qlatmosoe
1667 1799 1890 1850 insigniter

312 1855 511 1906 utrinque
530 1853 788 1906 glandulosis
807 1852 882 1894 sed
900 1852 1130 1905 majoribus
1150 1851 1203 1892 ad
1217 1851 1338 1893 basin
1352 1851 1493 1904 paullo
1514 1851 1761 1900 attenuatis,
1779 1850 1889 1892 flori-

311 1907 390 1948 bus
412 1906 682 1960 corymbosis‚
703 1905 950 1959 pedunculis
977 1904 1141 1946 modice
1168 1905 1303 1956 longis
1322 1905 1350 1945 i.
1379 1916 1416 1944 e.
1439 1904 1605 1945 urceolo
1632 1904 1889 1956 longioribus

314 1971 407 2000 cum
434 1959 702 2011 receptaculo
728 1960 1105 2000 ovato-attenuato
1130 1961 1375 1998 maturante
1399 1956 1629 1997 rotundato
1654 1957 1890 2009 sepalisque

313 2012 474 2053 minute
507 2010 1020 2064 glanduloso-puberulis,
1055 2010 1208 2068 sepalis
1239 2009 1425 2050 indivisis
1458 2009 1649 2050 caudatis
1675 2009 1890 2050 alabastra

312 2065 438 2116 longe
457 2064 770 2116 superantibus.
792 2087 844 2092 —
862 2063 920 2105 R.
944 2062 1124 2105 Stoclcszz'
1142 2062 1277 2104 Boiss.
1299 2063 1342 2103 in
1361 2061 1504 2103 sched.

364 2133 458 2168 Hab.
479 2134 516 2168 in
539 2139 661 2168 monte
680 2133 817 2168 Chehel
838 2133 911 2167 Jun
931 2133 1150 2167 Belutschiae
1170 2132 1316 2176 (Stocks
1338 2132 1455 2176 1028).

370 2198 479 2232 Folia
500 2198 546 2233 R.
569 2198 775 2242 ylutinosae,
798 2197 906 2232 flores
932 2197 1118 2232 evidenter
1134 2197 1182 2231 R.
1198 2197 1399 2240 moschatae,
1418 2197 1698 2231 heteracanthia
1717 2197 1892 2241 irregula-

324 2245 374 2279 ris
395 2245 534 2288 plantae
556 2244 732 2289 hybridae.
753 2245 881 2279 Facies
900 2245 945 2278 ob
966 2244 1199 2278 characteres
1219 2249 1293 2278 tam
1309 2244 1558 2287 discrepantes
1573 2245 1609 2278 in
1623 2244 1749 2278 eadem
1764 2244 1892 2287 planta

323 2293 544 2336 compositos
565 2302 673 2336 quam
692 2292 848 2326 maxime
866 2292 1071 2335 singularis,
1089 2290 1251 2334 infanda,
1272 2291 1491 2335 prodigiosa.

369 2420 433 2457 34.
467 2418 564 2457 *R
601 2417 811 2457 Iberica
844 2416 977 2468 (Stev.
1011 2417 1054 2457 in
1083 2416 1143 2457 M.
1180 2416 1230 2457 B.
1266 2416 1329 2457 Fl.
1365 2415 1645 2458 Taur.-Cauc.
1684 2416 1760 2465 111,
1797 2417 1891 2468 345)

315 2467 454 2510 frutex
475 2469 662 2510 elevatus
682 2470 744 2510 uti
764 2469 932 2510 videtur
954 2470 1117 2510 caeteris
1139 2468 1422 2522 Rubiyinosis
1446 2469 1578 2510 laxior
1597 2468 1894 2522 flaccidiorque

316 2520 739 2580 subheteracanthus,
763 2522 916 2563 aculeis
942 2522 1090 2562 validis
1118 2522 1327 2562 uncinatis
1352 2521 1443 2562 basi
1473 2521 1661 2562 dilatatis
1687 2523 1822 2563 rarius
1851 2526 1894 2563 et

317 2574 608 2625 irregulariter
622 2575 790 2615 aciculis
802 2575 1084 2626 intersparsis,
1098 2574 1246 2615 foliolis
1261 2575 1395 2615 ovatis
1411 2575 1660 2615 acuminatis
1674 2575 1740 2615 vel
1753 2578 1894 2616 ovato-

317 2627 557 2668 rotundatis
579 2632 729 2679 argute
749 2627 1171 2679 composito-serratis
1192 2626 1279 2668 fere
1311 2627 1514 2679 glabratis
1547 2628 1745 2679 utrinque
1807 2628 1892 2669 lan-

320 2678 473 2720 dulosis
507 2679 715 2731 glandulis
743 2679 1089 2732 suprasoliaribus
1119 2680 1398 2727 creberrimis,
1433 2679 1605 2720 floribus
1639 2691 1710 2721 cor
1739 2693 1781 2720 m
1814 2681 1893 2721 osis

320 2730 548 2790 admodum
581 2732 888 2784 pedunculatis‚
924 2732 1170 2784 pedunculis
1203 2732 1524 2784 sepalorumque
1558 2732 1680 2773 dorso
1741 2734 1896 2774 reviter

317 2783 491 2843 hispidis
508 2786 642 2825 rarius
658 2785 925 2833 sublaevibus‚
947 2785 1099 2837 sepalis
1119 2784 1283 2826 reflexis
1300 2784 1486 2826 deciduis
1500 2785 1726 2826 linearibus
1741 2798 1895 2838 appen-

321 2835 480 2877 d1c1bus
510 2837 715 2878 subulatis
741 2838 932 2889 margine
958 2838 1218 2885 tomentosis,
1240 2838 1391 2890 petalis
1418 2838 1562 2886 roseis,
1584 2838 1703 2890 stylis
1723 2838 1765 2878 in
1786 2840 1894 2890 capi-

320 2888 455 2929 tulum
478 2893 757 2930 tomentosum
780 2890 978 2939 redactis,
1001 2891 1166 2931 urceolo
1188 2894 1325 2931 ovato.

378 2959 473 2994 Hab.
510 2961 545 2993 in
584 2960 735 2994 Caucasi
765 2961 959 3003 provinciis
998 2961 1118 2995 Iberia
1147 2961 1399 3005 (Hohenack.),
1430 2961 1656 2995 Carthalinia
1686 2966 1721 2995 et
1754 2961 1892 2996 Ossetia

333 3005 473 3049 (Broth.
493 3017 537 3041 ex
563 3007 667 3050 Cre'p.
694 3007 801 3041 Prim.
828 3008 888 3051 VI,
912 3008 1007 3051 653),
1029 3008 1196 3042 Imeretia
1215 3019 1269 3051 pr.
1298 3008 1365 3042 Oni
1387 3007 1525 3050 (Broth.
1547 3018 1590 3042 ex
1617 3008 1772 3042 Scheutz
1799 3008 1896 3042 OEfv.
