2115 3250
210 201 417 235 Get-andum.
921 210 1173 234 GERANIACEAE.
1816 200 1882 235 143

209 281 277 314 Pag.

314 344 363 373 ea
399 332 616 384 hispidulis
650 331 839 383 oblongis
871 331 1046 378 obtusis,
1077 331 1229 382 petalis
1260 331 1425 383 pallidis
1460 335 1651 372 saturate
1680 332 1882 373 violaceo—

313 385 477 425 lineatis
498 384 637 436 calyce
658 383 782 435 duplo
808 383 1079 434 longioribus,
1099 382 1323 424 filamentis
1350 383 1442 424 basi
1468 384 1590 435 longe
1610 384 1764 436 pilosis,
1787 396 1881 425 ova-

312 437 382 477 riis
404 436 531 477 dense
550 437 732 484 sericeis,
755 435 945 476 fructu...
976 439 1033 482 91.

370 505 464 539 Hab.
486 506 521 539 in
545 506 628 548 alpe
653 506 849 540 Caucasica
881 505 1108 539 Brutsabseli
1135 505 1181 539 ad
1206 504 1351 539 fluvium
1379 505 1464 539 Didi
1487 505 1647 539 Liachva
1667 506 1818 540 Ossetiae
1847 507 1882 539 in

323 553 438 596 pratis
459 553 591 595 alpinis
613 553 827 587 Gurtschevi
855 552 901 586 ad
930 552 1048 586 fontes
1072 551 1155 586 fluv.
1175 552 1268 586 Rion
1295 557 1330 586 et
1359 552 1394 586 in
1424 552 1509 595 alpe
1534 552 1693 587 Bereleti
1720 552 1882 596 ejusdem

323 599 429 633 vallis
451 598 665 642 (Brotherus
679 601 713 642 ἕ).

371 663 492 698 Caulis
512 663 788 706 7-8-pollicaris,
809 662 898 696 folia
916 662 1091 697 diametro
1114 665 1130 696 1
1152 662 1450 706 'ss-2-pollicaria,
1470 662 1578 697 flores
1603 664 1735 706 magni.
1752 662 1882 705 Quam-

323 711 374 744 vis
396 709 535 744 fructus
562 711 675 753 ignoti
696 711 777 753 sint,
796 711 832 743 in
850 710 1009 744 sectione
1029 710 1072 744 G.
1094 710 1225 744 Iberici
1243 710 1402 744 militare
1416 709 1560 744 videtur
1580 709 1697 744 forma
1714 709 1883 744 foliorum

325 762 360 791 et
379 767 501 791 eorum
525 757 733 791 indumento
754 757 892 791 sericeo
909 757 1051 800 insigni.

205 893 295 938 877,
331 891 687 984 Gh713ratense,
720 889 828 931 adde
856 901 947 943 syn.
979 903 987 930 :
1025 890 1078 932 G.
1109 888 1416 931 batrachioz'des
1436 889 1568 941 Rupr.
1590 889 1653 930 Fl.
1685 889 1813 930 Cauc.
1846 889 1880 938 Ι,

308 955 349 994 p.
456 975 464 983 .

359 1028 493 1070 Adest
513 1029 695 1070 varietas
715 1028 940 1070 filamentis
954 1029 1243 1069 atroviolaceis
1261 1041 1269 1068 :
1294 1031 1331 1083 β.
1351 1030 1645 1081 cyanostemon
1663 1028 1795 1081 Rupr.

367 1100 459 1134 Hab.
477 1101 514 1134 in
534 1100 669 1135 ditione
687 1100 819 1134 Tindal
841 1101 994 1135 Caucasi
1012 1100 1198 1135 orientalis
1218 1101 1322 1134 6000‘
1343 1099 1471 1144 (Rupr.
1484 1099 1519 1144 l).

203 1229 294 1274 878,
309 1227 729 1320 TG.kA1{men?1)12m,
761 1225 870 1267 adde
898 1231 991 1279 syn.
1023 1239 1031 1266 :
1068 1226 1121 1268 G.
1157 1224 1537 1267 Baclchousiamtm
1570 1225 1701 1277 Regel
1732 1226 1879 1266 Descr.

346 1291 396 1319 ur
427 1290 471 1320 es
497 1311 524 1328 .,
546 1291 589 1331 p.
671 1311 679 1319 .

366 1365 460 1399 Hab.
480 1365 516 1399 in
536 1365 634 1399 silvis
654 1365 822 1399 abietinis
842 1365 951 1399 Ponti
967 1365 1090 1399 Lazici
1110 1375 1224 1408 prope
1245 1364 1371 1408 Djimil
1393 1366 1495 1399 5000‘
1514 1364 1652 1408 (Ball).

206 1498 298 1543 879,
329 1496 384 1536 G.
410 1495 720 1543 Sibiricum‚
744 1494 851 1535 adde
873 1507 882 1535 :

366 1582 461 1617 Hab.
482 1584 519 1617 in
539 1583 695 1617 vallibus
712 1583 833 1617 Terek
853 1587 888 1617 et
909 1584 1057 1627 Aragva
1080 1582 1267 1627 (Broth.!).
1292 1582 1545 1627 Daghestania
1570 1584 1676 1617 6000'
1706 1582 1834 1626 (Rupr.
1848 1582 1883 1626 Ε).

207 1718 298 1764 880,
333 1716 387 1756 G.
411 1715 790 1765 Pyrenaicum,
823 1713 959 1755 adde:

366 1803 460 1838 Hab.
481 1803 517 1838 in
544 1803 685 1838 Libano
706 1803 753 1837 ad
782 1803 864 1838 Gisr
884 1803 917 1838 el
944 1803 1062 1847 Hajar
1085 1802 1293 1848 (Ehrenb.l)
1320 1808 1355 1838 et
1384 1814 1496 1848 supra
1521 1804 1669 1848 Djebail
1697 1804 1768 1848 (Bl.
1794 1798 1891 1849 601)’

320 1852 356 1885 in
375 1851 488 1885 totius
507 1851 661 1886 Caucasi
681 1851 882 1894 subalpinis
898 1850 1072 1894 (Rupr.l).

204 1979 296 2025 881,
332 1977 386 2016 G.
410 1976 724 2024 dissectum,
748 1974 856 2016 adde
880 1988 889 2016 ε

364 2062 458 2096 Hab.
480 2063 517 2096 in
537 2062 624 2097 Oasi
642 2063 757 2106 parva
777 2062 932 2107 AEgypti
951 2061 1181 2103 (Aschers.l).

207 2197 298 2242 881,
333 2196 386 2234 G.
412 2194 789 2242 divaricatum,
813 2193 922 2234 adde
944 2206 952 2234 :

367 2282 462 2316 Hah.
479 2283 515 2316 in
536 2282 633 2316 valle
653 2282 849 2325 subalpina
869 2281 995 2326 Djimil
1016 2282 1122 2316 Ponti
1139 2282 1262 2316 Lazici
1282 2283 1386 2316 6000‘
1405 2281 1498 2326 (Bal.
1509 2280 1542 2325 1).

205 2416 296 2462 882,
331 2415 384 2453 G.
407 2414 748 2454 Mascatense
769 2417 812 2454 et
826 2413 880 2452 G.
895 2413 1220 2465 trilophum:
1242 2412 1402 2453 Earum
1421 2413 1654 2465 specierum
1670 2411 1720 2452 cl.
1737 2411 1887 2454 Urban

308 2465 456 2507 Jahrb.
479 2466 574 2506 Bot.
599 2465 720 2507 Gart.
743 2466 886 2507 Berlin
905 2465 981 2513 ΠΙ,
1003 2478 1045 2518 p.
1069 2469 1147 2507 234
1167 2465 1387 2517 diagnoses
1410 2464 1682 2518 locupletavit
1703 2468 1745 2506 et
1764 2475 1884 2517 syno-

310 2520 493 2571 nymiam
514 2518 767 2559 emendavit.

366 2652 419 2691 G.
462 2651 804 2691 Mascatense
838 2650 1025 2702 (Boiss.),
1053 2650 1226 2691 valvulis
1255 2650 1395 2702 calyce
1421 2649 1592 2690 dimidio
1622 2648 1884 2690 brevioribus

311 2704 443 2744 ovatis
465 2703 586 2744 dorso
605 2703 796 2744 convexis
811 2703 1048 2755 junioribus
1068 2702 1187 2743 lineis
1209 2705 1276 2743 5-6
1296 2703 1545 2743 transversis
1566 2706 1609 2742 et
1635 2702 1725 2742 aliis
1751 2702 1884 2753 longi-

313 2756 570 2796 tudinalibus
584 2755 964 2807 subirregularibus
978 2755 1414 2807 subcristato-rugosis
1428 2755 1637 2807 percursis
1651 2754 1709 2796 Ic.
1728 2767 1770 2807 p.
1788 2757 1881 2803 240,

312 2808 384 2860 fig.
406 2813 446 2849 4.
468 2832 520 2836 —
541 2807 810 2860 &favo-sum
829 2807 1004 2849 Hochst.
1027 2808 1070 2848 in
1090 2808 1210 2849 Rich.
1232 2807 1295 2849 Fl.
1318 2808 1468 2860 Abyss.
1490 2807 1523 2856 I,
1546 2819 1587 2859 p.
1614 2811 1702 2848 117.

368 2880 462 2914 Hah.
483 2881 519 2914 in
542 2880 679 2914 Arabia
700 2880 745 2913 ad
766 2881 928 2914 Mascate
950 2879 1128 2924 (Auch.!).

370 2944 437 2977 Ar.
459 2943 602 2986 Googr.
624 2943 817 2988 Abyssinia
839 2944 1035 2987 (Schimp.).
