2115 3250
207 230 419 267 Cucubalus.
945 246 1130 270 sumum.
1810 241 1879 276 ¹09

223 311 293 346 Pag-
311 365 442 405 ovatis
463 365 667 414 ciliolatis‚
689 367 925 418 petalorum
944 368 1153 420 unguibus
1198 368 1340 416 labris,
1356 370 1511 411 lamina
1529 370 1658 412 bifida
1678 373 1818 414 albida
1836 386 1877 414 e-

311 419 522 466 coronata‚
545 419 716 470 capsula
734 421 865 471 parva
884 421 1008 461 ovata
1028 431 1181 473 carpop
1214 432 1285 462 oro
1306 421 1431 474 duplo
1451 423 1637 475 longiore
1664 428 1721 471 Ql.

368 488 460 522 Hab.
479 489 515 522 in
534 489 692 524 Thracia
713 490 759 524 ad
788 491 968 534 margines
990 491 1215 526 dumetorum
1241 503 1353 536 supra
1380 494 1566 528 Stanimak
1595 506 1666 529 non
1695 498 1820 539 procul
1854 508 1876 532 a

321 534 568 579 Philippopoli
590 535 738 580 (Janka)
763 537 857 580 (Non
877 537 978 580 vidi).

366 592 497 647 Affinis
528 593 661 628 dicitur
695 595 730 630 S.
764 595 978 640 Nevademsi,
1011 596 1074 631 sed
1111 608 1129 631 e
1162 597 1404 642 descriptione
1436 599 1472 634 S.
1508 600 1729 644 lonyt'petaloe
1761 602 1876 645 magis

319 650 494 683 proxima.

202 757 293 803 657,
328 756 635 796 Cucubalus
654 758 975 806 bacciferus,
1000 758 1135 799 adde:

363 835 456 869 Hab.
478 836 514 870 in
532 836 778 871 Kurdistaniae
799 838 954 872 Persicae
976 837 1129 873 dumetis
1149 839 1196 873 ad
1216 840 1427 884 Pendjawin
1449 842 1552 875 5000'
1572 842 1787 885 (Haussk.l).

200 950 290 997 658,
325 949 561 999 Lychnis
581 952 864 991 coronaria
886 964 895 992 :

361 1032 452 1112 Ιεᾶμέε
473 1030 539 1066 Ar.
570 1031 713 1075 Geogr.
738 1044 851 1078 usque
872 1034 917 1068 ad
941 1045 1042 1078 prov.
1071 1035 1266 1073 Kachemir
1290 1037 1492 1082 Himalayae
1524 1038 1761 1074 occidentalis
1789 1050 1872 1083 pro-

314 1089 377 1122 gre
406 1090 415 1112 1
436 1090 489 1112 ur.

196 1195 288 1241 660,
319 1192 681 1234 Melandrium
702 1195 1126 1246 eriocalycinum
1146 1200 1184 1252 β.
1206 1196 1441 1246 Persicum,
1465 1198 1573 1239 adde
1596 1211 1605 1238 :

311 1274 469 1364 (HHab.k
490 1275 525 1366 {31
559 1275 713 1311 dumetis
750 1277 922 1311 montium
955 1278 1132 1323 Eschker,
1166 1279 1245 1313 Nur
1278 1285 1312 1314 et
1348 1280 1493 1315 ditionis
1528 1281 1734 1316 Bachtiaris
1768 1283 1869 1316 9000‘

361 1332 443 1357 auss
474 1349 498 1356 ..
518 1349 525 1356 .

194 1438 285 1484 661,
314 1438 410 1487 post
431 1437 500 1475 M.
523 1437 947 1488 eriocalycinum
966 1439 1102 1480 insere
1125 1452 1133 1480 :

351 1518 418 1558 M.
443 1518 707 1567 Balansae,
730 1519 915 1560 breviter
928 1520 1174 1572 pubescens,
1192 1521 1380 1562 caulibus
1396 1521 1765 1565 infrarosularibus
1785 1524 1869 1565 ela-

298 1571 352 1612 tis
372 1570 523 1611 crassis
543 1570 697 1612 foliosis
719 1571 955 1613 dichotome
981 1574 1054 1613 tri·
1073 1574 1137 1614 vel
1159 1573 1310 1615 abortu
1329 1574 1501 1623 bifloris,
1524 1574 1632 1617 foliis
1657 1576 1754 1617 latis
1773 1576 1868 1618 bre-

297 1623 417 1664 vibus
437 1624 569 1664 ovatis
589 1623 653 1664 vel
673 1624 862 1684 oblongis
888 1626 1022 1666 acutis
1048 1627 1283 1667 rosularum
1312 1627 1354 1668 in
1382 1628 1558 1679 petiolos
1586 1629 1733 1670 breves
1761 1633 1868 1671 atte-

296 1676 451 1724 nuatiS,
486 1676 659 1717 caulinis
688 1677 916 1727 sessilibus,
947 1678 1129 1720 bracteis
1155 1679 1397 1720 lanceolatis
1423 1681 1666 1732 aequalibus,
1695 1680 1867 1723 fioribus

297 1728 438 1770 dioicis
472 1729 716 1780 pedunculis
755 1730 885 1782 calyci
921 1731 1173 1783 aequilongis»
1202 1732 1337 1773 rarius
1374 1733 1631 1785 longioribus
1668 1733 1863 1783 suffultis,

296 1781 447 1834 calycis
467 1782 578 1822 ovati
599 1782 726 1823 dense
752 1786 794 1823 et
817 1783 961 1834 patule
989 1783 1373 1836 glanduloso-pilosi
1401 1785 1596 1826 dentibus
1623 1786 1867 1828 lanceolatis

297 1835 446 1882 acutis,
479 1835 629 1886 petalis
657 1835 762 1876 albis
794 1835 946 1884 bifidis,
979 1837 1150 1888 capsula
1174 1837 1306 1878 sessili
1334 1837 1505 1889 globosa
1528 1839 1668 1892 calyce
1694 1839 1867 1881 subbre-

293 1887 406 1928 viore
426 1887 622 1928 dentibus
641 1888 836 1937 incurvis,
859 1889 1086 1930 seminibus
1107 1889 1256 1931 obtuse
1275 1890 1550 1932 tuberculatis
1577 1895 1635 1939 Ql.

353 1958 447 1992 Hab.
469 1959 516 1993 ad
537 1959 663 1993 littora
683 1959 841 2003 abrupta
859 1961 970 1995 maris
989 1960 1094 2005 Nigri
1113 1972 1228 2006 prope
1253 1961 1369 1997 Rhize
1388 1962 1494 1996 Ponti
1514 1962 1637 1997 Lazici
1658 1963 1751 2004 (Bal.
1773 1967 1866 1999 exa!

305 2005 370 2041 sub
387 2006 441 2040 M.
455 2007 622 2050 pratensi
639 2006 734 2050 var.)
755 2007 810 2041 Fl.
827 2007 948 2041 Junio.

353 2063 482 2099 Caules
511 2067 566 2098 1-1
586 2063 804 2108 ¹l2-pedales,
834 2064 922 2099 folia
949 2065 1094 2100 caulina
1120 2065 1302 2100 interdum
1330 2066 1500 2110 pollicem
1528 2067 1616 2110 lata,
1643 2068 1785 2112 calyces
1813 2069 1863 2103 eis

305 2110 359 2144 M.
372 2111 554 2155 pratensis
576 2117 612 2145 et
636 2111 690 2145 M.
718 2112 944 2156 erioealycim'
967 2112 1137 2156 majores,
1163 2113 1315 2156 capsula
1339 2113 1484 2148 brevior
1510 2113 1679 2149 dentibus
1706 2116 1865 2150 incurvis

304 2168 370 2192 nec
391 2158 532 2192 erectis.
554 2158 611 2192 Ab
633 2159 683 2193 eis
710 2159 899 2201 speciebus
922 2159 1069 2203 insuper
1095 2159 1269 2200 caulibus,
1285 2171 1357 2195 non
1384 2161 1648 2205 terminalibus,
1669 2161 1733 2197 sed
1760 2168 1799 2197 ut
1826 2163 1863 2196 in

304 2205 358 2238 M.
377 2205 502 2240 diclini
518 2204 613 2239 infra
631 2206 774 2240 rosulas
794 2204 999 2241 lateraliter
1019 2206 1299 2242 ascendentibus
1320 2207 1452 2242 differt.

186 2329 278 2376 661,
308 2331 404 2379 post
424 2327 493 2368 M.
519 2328 836 2368 Cabulicum
855 2329 991 2369 insere
1013 2341 1022 2369 :

344 2410 411 2450 M.
434 2410 680 2450 Indicum
700 2410 851 2461 (Roxb.
874 2410 997 2450 Hort.
1018 2410 1152 2462 Beng.
1171 2414 1220 2452 34
1239 2411 1316 2452 sub
1338 2411 1493 2459 Silene)
1511 2413 1694 2453 tenuiter
1712 2412 1864 2464 pubes-

292 2473 387 2502 cens
414 2462 568 2513 pallide
592 2462 743 2510 virens,
772 2462 959 2503 caulibus
985 2464 1135 2504 erectis
1166 2464 1230 2505 vel
1258 2464 1582 2505 ascendentibus
1616 2465 1864 2507 dichotomis

290 2514 366 2555 sub
389 2514 641 2556 dichotomia
657 2515 869 2556 interdum
889 2516 1078 2567 opposite
1096 2516 1272 2557 ramosis
1292 2516 1504 2565 laxifloris,
1526 2516 1633 2559 foliis
1649 2518 1782 2559 ovatis
1796 2519 1862 2560 vel

290 2567 533 2608 lanceolatis
566 2568 700 2608 acutis
733 2568 796 2608 vel
828 2568 1097 2617 acuminatis,
1131 2568 1376 2620 pedunculis
1414 2569 1554 2622 calyce
1583 2570 1860 2619 brevioribus,

292 2619 442 2672 calycis
481 2620 962 2673 oblongo-campanulati
995 2621 1525 2674 glanduloso-pubescentis
1556 2622 1691 2664 inflati
1722 2623 1863 2664 viridi-

290 2672 355 2713 vel
395 2672 756 2713 brunnen-vittati
801 2673 995 2714 dentibus
1034 2674 1167 2715 ovatis
1210 2674 1370 2715 obtusis
1414 2675 1585 2724 cibatis,
1624 2676 1860 2728 petalorum

289 2725 500 2776 unguibus
526 2725 622 2765 latis
650 2726 799 2766 ciliatis
829 2726 1013 2778 calycem
1044 2726 1356 2776 excedentibus,
1383 2727 1538 2768 lamina
1556 2730 1768 2780 purpurea
1796 2729 1861 2769 vel

289 2788 469 2829 superne
489 2777 629 2818 albida
647 2778 851 2830 bipartita
870 2778 975 2820 lobis
994 2779 1170 2831 integris
1189 2778 1327 2821 bifidis
1348 2780 1411 2821 vel
1431 2780 1667 2830 fimbriatis,
1689 2781 1862 2833 capsula

289 2829 612 2882 ovato-oblonga
625 2830 882 2890 carpophoro
897 2831 1139 2873 brevissimo
1188 2832 1429 2882 ubescente,
1445 2833 1672 2874 seminibus
1685 2832 1861 2874 renifor-

289 2882 426 2923 mibus
446 2882 568 2923 dorso
593 2883 727 2935 planis
757 2884 991 2935 granulatis
1024 2888 1082 2931 Ql.
1173 2917 1182 2925 .
1212 2884 1412 2927 Indicum
1443 2885 1600 2927 Rohrb.
1635 2886 1693 2927 Ic.
1729 2886 1861 2939 Royle

290 2935 355 2976 Ill.
378 2934 467 2976 tab.
490 2938 540 2976 20
555 2935 605 2976 B.
626 2959 677 2964 —-
696 2936 887 2989 Lychnis
897 2935 1124 2989 fimbriata
1142 2937 1268 2978 Wall.

348 3004 442 3038 Hab.
460 3004 507 3039 ad
525 3004 699 3040 Shendtoi
712 3006 818 3041 vallis
838 3006 975 3041 Kuram
996 3006 1202 3051 Affghaniae
1220 3008 1353 3051 (Aitch.
1365 3009 1398 3050 l).

349 3061 416 3096 Ar.
449 3061 590 3105 Googr.
610 3063 724 3108 Regio
742 3064 955 3099 Himalaica.
