2115 3250
209 231 432 277 Cephalaria.
944 242 1140 266 DIPSACEAE.
1809 231 1878 267 285

206 310 276 344 Pag.

210 365 299 411 119,
330 366 426 414 post
446 361 822 412 Cephalariam
843 363 1082 400 setosam
1101 361 1267 401 insere:

368 449 421 488 C.
456 448 653 488 tenella
696 446 863 499 (Payne
900 446 992 487 List
1032 445 1077 487 of
1110 446 1255 487 Plants
1293 446 1424 487 East-
1434 447 1660 496 Palestine,
1694 460 1735 499 p.
1776 448 1878 499 108)

313 512 452 541 annua
483 500 644 551 glabra,
673 499 791 539 caule
820 499 964 550 gracili
996 499 1157 539 sulcato
1187 511 1366 558 superne
1397 511 1573 547 ramoso,
1610 480 1715 540 foliis
1748 500 1879 542 firmis

312 553 609 593 oblanceolatis
630 553 764 592 acutis
784 551 1047 611 inaequaliter
1066 563 1133 592 sei
1136 552 1238 592 ratis
1257 563 1386 603 prope
1408 552 1526 592 basin
1547 554 1879 604 pinnatipartitis

312 605 540 664 segmentis
567 604 811 645 lateralibus
842 607 883 644 2-
887 608 926 644 3-
911 604 1038 656 -J'ugis
1066 604 1238 644 minutis
1271 604 1528 653 lanceolatis,
1561 605 1753 657 capitulis
1785 617 1880 657 par-

311 658 371 698 vis
402 657 582 709 globosis
604 657 726 716 longe
751 656 1057 708 pedunculatis,
1083 656 1284 697 involucri
1310 656 1461 708 phyllis
1490 657 1714 698 deltoideo-
1717 657 1878 698 orbicu-

309 710 405 750 latis
425 710 624 750 violaceo-
629 710 770 750 tinctis
790 709 1058 750 interioiibus
1086 709 1302 750 subulato—
1305 709 1506 758 aristatis,
1530 710 1693 750 corollis
1715 710 1878 750 tubulo-

309 763 365 803 sis
395 763 561 809 conicis,
592 762 825 803 involucelli
856 762 956 802 tubo
989 761 1278 814 quadrangulo
1310 763 1466 803 sericeo
1500 763 1663 814 angulis
1693 763 1735 803 in
1766 767 1878 803 setas

309 815 410 856 tubo
431 815 600 855 dimidio
619 815 671 855 b1
673 826 786 855 evioi
789 827 831 855 es
850 814 1066 866 productis
1088 818 1152 863 Θ.

366 885 458 920 Hah.
479 886 514 919 in
535 886 719 919 cacumine
740 886 911 919 montium
939 885 1328 928 Transjordanicorum
1354 896 1468 944 prope
1492 886 1617 920 Mezar
1645 885 1737 920 Nebi
1758 885 1878 919 Amha

320 932 468 977 (Payne)
493 932 587 975 (Non
606 932 706 975 vidi).

367 995 498 1029 Planta
523 997 558 1029 6—
565 997 621 1029 16-
624 995 822 1038 pollicaxis,
849 994 938 1028 folia
968 998 1001 1028 1·
1005 997 1039 1028 2-
1044 995 1235 1038 pollicaria
1265 995 1371 1039 longe
1394 996 1585 1039 pessolata,
1612 995 1775 1039 capitula
1802 995 1875 1029 dia-

318 1048 432 1077 metro
454 1042 595 1085 pollicis
630 1044 680 1083 ¹l4-
691 1041 724 1082 'ss
749 1042 836 1076 lata.
859 1041 989 1076 Affinis
1016 1042 1146 1076 dicitur
1177 1041 1213 1077 G.
1235 1047 1371 1086 setosae,
1392 1043 1455 1077 sed
1475 1044 1629 1087 tenuior,
1656 1043 1740 1077 setis
1767 1042 1874 1076 desti-

319 1094 408 1133 tuta,
431 1089 518 1123 folia
539 1090 655 1124 minus
673 1089 840 1132 dissecta,
859 1089 981 1123 aristae
1003 1089 1178 1123 involucri
1196 1095 1231 1124 et
1251 1090 1461 1124 involucelli
1481 1090 1593 1123 multo
1610 1090 1803 1124 breviores.

203 1214 291 1259 120,
326 1212 379 1251 C.
416 1210 657 1260 Syriaca,
681 1209 819 1251 adde:

363 1299 456 1334 Hal).
477 1300 513 1333 in
535 1299 739 1343 Affghaniae
761 1299 858 1333 valle
878 1299 1015 1333 Kuram
1037 1310 1152 1343 prope
1170 1299 1342 1334 Shalizan
1364 1300 1524 1343 (Aitch.).

200 1424 289 1470 124,
320 1425 416 1473 post
438 1422 490 1461 C.
515 1422 757 1461 Graecam
777 1420 1001 1461 inserenda
1024 1424 1135 1461 esset
1157 1433 1165 1461 :

358 1507 409 1547 C.
432 1507 676 1557 virqinea
700 1505 859 1557 (Janka
878 1506 919 1546 in
939 1505 1044 1546 OEst.
1067 1506 1154 1547 bot.
1177 1505 1283 1547 Zeit.
1309 1509 1425 1555 1872,
1447 1518 1489 1558 p.
1516 1509 1622 1558 178).

361 1578 454 1612 Hah.
476 1579 511 1612 in
531 1577 705 1621 lapidosis
725 1578 841 1611 Haemi
859 1588 969 1621 supra
990 1588 1074 1622 pag.
1092 1577 1204 1611 Imitli
1225 1588 1297 1612 non
1317 1578 1444 1621 procul
1467 1578 1513 1612 ab
1534 1578 1668 1622 oppido
1695 1578 1873 1612 Kasanlik

314 1625 479 1659 Thraciae
500 1625 576 1659 bor.
596 1625 744 1668 (Janka)
768 1625 863 1668 (Non
881 1625 980 1668 vidi).

200 1749 289 1796 126,
323 1747 561 1787 Knautia
585 1747 893 1795 OrientaliS‚
917 1746 1026 1787 adde
1049 1759 1057 1787 :

360 1836 453 1870 Hab.
475 1837 511 1870 in
532 1836 637 1871 cultis
659 1841 694 1870 et
716 1835 869 1870 dumetis
889 1835 936 1870 ad
956 1835 1177 1870 Microchori
1192 1835 1404 1880 Eurytaniae
1424 1837 1526 1870 2500'
1549 1835 1735 1880 (Heldr.!).

199 1960 287 2005 128,
321 1958 381 1996 K.
404 1957 769 2004 Macedonica,
793 1955 902 1996 adde
923 1968 932 1996 :

360 2043 427 2078 Ar.
452 2043 595 2086 Geogr.
618 2044 746 2080 Serbia
767 2043 952 2088 (Panbiesz),
973 2042 1208 2078 Dobrutscha
1229 2042 1376 2087 (Sint.!).

197 2165 286 2211 129,
321 2163 384 2203 K.
406 2162 715 2214 magnifica,
736 2161 844 2203 adde
866 2174 875 2202 ε

358 2252 452 2287 Hab.
469 2253 505 2286 in
522 2252 667 2296 pascuis
688 2252 821 2295 alpinis
841 2252 972 2286 montis
996 2251 1092 2285 OEtae
1111 2251 1332 2286 Phthiotidis
1353 2252 1566 2286 5500-6300‘
1586 2250 1725 2287 (Heldr.
1736 2251 1770 2295 1).

197 2377 287 2422 131,
323 2373 581 2414 Scabiosa
608 2373 966 2422 Columbaria,
991 2372 1083 2414 dele
1101 2384 1193 2425 syn.
1215 2385 1224 2414 ε
1246 2372 1289 2415 S.
1310 2374 1460 2426 patens
1479 2371 1598 2414 Jord.
1622 2371 1676 2412 ad
1692 2370 1736 2413 S.
1761 2371 1871 2413 Gra-

299 2426 510 2467 muntz'am
528 2429 739 2478 spectans.

196 2559 286 2607 135,
322 2556 374 2596 S.
398 2554 744 2605 eremophila‚
768 2553 903 2595 adde:

314 2641 451 2732 19:133'23b.
472 2642 508 2676 in
536 2641 696 2676 arenosis
715 2640 761 2675 ad
788 2640 942 2675 Ramleh
968 2650 1083 2685 prope
1110 2639 1373 2675 Alexandriam
1401 2640 1554 2686 AEgypti
1585 2640 1771 2684 (Letourn.
1794 2650 1868 2675 exs.

196 2811 286 2857 137,
321 2808 374 2848 S.
395 2807 680 2856 variiiolia,
705 2806 812 2847 adde
835 2819 843 2847 ε

357 2895 451 2929 Hab.
474 2895 519 2929 ad
539 2906 648 2939 rupes
674 2895 924 2938 impendentes
946 2896 1120 2929 montium
1146 2895 1268 2930 Makri
1286 2900 1322 2930 et
1346 2895 1476 2930 Lastos
1502 2894 1631 2930 insulae
1658 2894 1869 2938 Karpathos

312 2942 486 2984 (Pichl.!).
506 2942 710 2985 Specimina
727 2942 824 2976 foliis
844 2942 890 2976 ad
910 2942 1013 2977 basin
1039 2943 1256 2986 petiolorum
1283 2942 1463 2977 interdum
1484 2942 1760 2977 canescentibus
1780 2942 1868 2975 inte-

311 2990 384 3033 gris
404 2990 460 3024 vel
481 2989 614 3023 Iobatis
633 2989 756 3024 forsan
774 2990 966 3023 transitum
983 2989 1031 3024 ad
1051 2989 1088 3025 S.
1112 2990 1286 3026 Creticam
1306 2989 1521 3033 praebentia.
