2094 3351
236 273 304 309 306
959 285 1181 309 GOMpOSI'rAE.
1716 275 1901 313 cousinia.

234 358 304 391 Pag.

340 405 432 444 tata
452 402 764 455 abruptiuscule
785 403 825 442 in
846 403 986 454 spinas
1012 402 1176 443 infimas
1202 414 1397 444 recurvas
1423 410 1596 444 caeteras
1627 409 1908 456 erecto-patu-

339 457 399 497 las
432 467 574 496 omnes
606 466 797 495 acerosas
831 455 1002 507 capituli
1031 455 1236 495 diametro
1269 456 1604 508 subaequilongas
1637 457 1903 505 abeuntibus,

367 509 487 561 hyllis
517 508 674 548 intimis
705 508 746 548 in
778 507 1050 559 appendicem
1079 507 1365 559 spathulatam
1398 509 1619 560 oblongam
1653 509 1905 551 fimbriatam

338 522 530 602 flosculos
579 564 846 612 superantem
897 560 1169 608 abeuntibus,
1216 560 1395 602 flosculis
1442 562 1674 613 purpureis,
1724 562 1906 603 acheniis

339 614 611 661 (immaturis)
631 613 786 664 glabris
807 613 1054 664 compressis
1074 613 1242 654 bialatis
1269 617 1326 660 ⁶21.
1344 613 1386 656 O.
1404 613 1518 655 scala
1533 614 1669 655 Aitcb.
1688 618 1730 655 et
1745 615 1904 656 Hemsl.

339 666 486 708 Journ.
509 665 630 706 Linn.
655 664 747 707 Soc.
771 665 884 713 XIX,
907 678 948 717 p.
975 668 1064 706 172.

397 738 492 772 Hah.
513 739 548 772 in
569 744 690 772 monte
711 738 877 772 Sikaram
899 737 1104 781 Affghaniae
1127 738 1292 771 9—12000‘
1313 738 1446 781 (Aitch.
1468 740 1554 773 353!
1576 741 1643 774 376
1659 741 1695 779 ἔ).

398 804 437 837 In
470 803 581 837 Flora
620 802 800 837 Orientali
839 812 916 836 eam
958 812 1037 835 cum
1071 800 1106 837 0.
1138 803 1323 836 multiloba
1362 804 1418 837 cui
1451 802 1547 837 foliis
1586 809 1621 838 et
1657 803 1749 838 facie
1788 803 1907 838 affinis

350 851 622 893 conjunxeram.
642 849 705 883 sed
724 849 980 893 speciminibus
1001 849 1190 892 completis
1212 849 1493 884 Aitchisonianis
1514 861 1628 894 nuper
1648 851 1808 895 acceptis
1828 861 1907 886 eam

349 897 483 942 phyllis
504 897 654 931 internis
671 896 1131 931 membranaceo-dilatatis
1151 902 1186 931 et
1207 897 1367 931 acheniis
1386 897 1532 932 differre
1549 899 1718 942 comperi.

392 1032 445 1071 C.
475 1031 694 1081 elegans
723 1029 878 1074 (Aitch.
908 1035 949 1070 et
976 1029 1136 1070 Hemsl.
1164 1029 1311 1071 Journ.
1342 1030 1463 1071 Linn.
1495 1029 1587 1072 Soc.
1611 1030 1725 1079 XIX,
1748 1043 1788 1083 p.
1816 1034 1904 1080 172,

335 1083 423 1124 tab.
467 1084 532 1133 18)
571 1083 779 1135 perennis,
820 1082 1008 1123 caulibus
1046 1081 1231 1123 floccosis
1273 1083 1528 1135 simplicibus
1568 1085 1718 1125 erectis
1755 1084 1906 1136 saepius

336 1136 643 1188 nionocephalis
682 1136 818 1176 rarius
859 1135 1086 1187 dicephalis
1125 1135 1178 1176 ad
1216 1137 1375 1188 apicem
1416 1148 1548 1188 usquo
1590 1135 1759 1185 foliosis,
1799 1136 1907 1178 foliis

334 1189 482 1229 subtus
505 1189 854 1229 niveo-araneosis
872 1200 999 1240 supra
1014 1187 1214 1229 viridibus
1232 1189 1496 1230 inferioribus
1510 1190 1723 1241 petiolatis
1744 1189 1907 1230 ambitu

335 1242 578 1282 lanceolatis
608 1242 912 1293 pinnatisectiS,
947 1240 1117 1281 racliide
1149 1241 1200 1281 ad
1229 1247 1388 1282 costam
1415 1246 1595 1293 anguste
1622 1243 1906 1294 marginatam

336 1294 524 1344 reducta,
559 1294 787 1345 segmentis
820 1294 1052 1345 multiiugis
1086 1295 1341 1346 2-3-partitis
1375 1300 1555 1346 anguste
1588 1295 1831 1336 lanceolatis
1865 1296 1907 1336 in

333 1349 495 1400 spinam
526 1347 704 1396 rigidam
736 1346 885 1387 flavam
920 1346 1186 1395 abeuntibus,
1218 1348 1401 1399 capitulo
1433 1359 1560 1399 supra
1589 1347 1733 1388 folium
1765 1360 1907 1398 supre-

335 1413 448 1441 mum
463 1400 676 1440 subsessili
696 1399 947 1451 subgloboso
969 1399 1225 1446 50-(30-floro,
1248 1400 1448 1441 involucri
1469 1400 1561 1441 laxe
1582 1401 1770 1442 araneosi
1790 1401 1907 1453 phyl-

334 1454 381 1494 lis
402 1453 677 1494 exterioribus
701 1455 820 1493 15-20
838 1452 1082 1493 lanceolatis
1103 1452 1218 1493 duris
1239 1453 1418 1493 acerosis
1439 1454 1682 1505 patentibus
1698 1458 1741 1494 et
1756 1454 1905 1494 erectis

332 1505 453 1546 flores
492 1505 625 1546 multo
663 1505 981 1553 excedentibus,
1017 1505 1285 1547 interioribus
1327 1507 1679 1548 numerosioribus
1723 1506 1905 1547 flosculis

331 1558 798 1651 brevioribushscariosis
820 1558 1046 1599 linearibus
1064 1560 1213 1607 acutis,
1232 1558 1412 1599 flosculis
1426 1560 1662 1611 purpureis,
1679 1559 1904 1600 filamentis

334 1612 506 1663 glabris,
531 1623 578 1652 ac
611 1611 712 1652 eniis
720 1642 799 1651 .....
829 1614 887 1658 521.

392 1683 487 1718 Hab.
503 1684 538 1718 in
559 1688 680 1717 monte
697 1683 862 1718 Sikaram
881 1682 1066 1718 districtus
1080 1683 1220 1717 Hariab
1237 1683 1442 1728 Affghaniae
1456 1685 1623 1718 9-12000'
1639 1684 1774 1728 (Aitch.
1790 1684 1911 1728 359!).

392 1747 522 1782 Affinis
547 1748 582 1783 C.
603 1748 811 1792 multilobae,
833 1748 895 1783 sed
915 1748 1190 1792 monocephala‚
1218 1749 1397 1783 involucri
1419 1749 1546 1794 phylla
1567 1755 1719 1784 externa
1738 1749 1904 1793 longiora

347 1806 417 1830 non
439 1805 634 1840 squarrose
651 1794 799 1830 reflexa.

387 1930 440 1970 C.
478 1929 881 1969 carthamoides
908 1928 1065 1980 (Aitch.
1094 1936 1136 1970 et
1163 1930 1324 1971 Hemsl.
1355 1929 1502 1971 Journ.
1525 1930 1647 1972 Linn.
1672 1929 1764 1972 Soc.
1787 1930 1902 1980 XIX,

329 1994 370 2033 p.
408 1985 497 2030 171,
531 1981 620 2022 tab.
658 1982 723 2032 17)
756 1983 951 2034 perennis
981 1982 1142 2034 glabra,
1175 1983 1364 2024 caulibus
1396 1985 1546 2025 erectis
1575 1984 1720 2025 crebre
1746 1983 1902 2025 foliosis

330 2034 647 2087 2·5-cephalis‚
688 2034 794 2075 foliis
833 2036 1030 2076 coriaceis
1070 2035 1210 2076 nitidis
1251 2036 1712 2088 oblongo-lanceolatis
1748 2042 1904 2088 praeter

327 2087 472 2129 infima
514 2087 717 2139 petiolata
754 2088 967 2129 sessilibus
1005 2088 1376 2140 amplexicaulibus
1421 2089 1663 2131 auriculatis
1701 2090 1744 2130 in
1786 2089 1902 2131 lobos

327 2140 851 2193 triangulari-lanceolatos
871 2142 991 2193 spina
1020 2142 1135 2182 tenui
1161 2142 1407 2183 terminatos
1428 2143 1495 2183 vix
1521 2142 1574 2183 ad
1600 2141 1784 2183 medium
1842 2143 1903 2184 in-

328 2193 528 2241 natifidis,
552 2193 744 2245 capitulis
765 2193 1042 2245 subglobosis,
1065 2195 1265 2236 involucri
1285 2194 1436 2247 phyllis
1464 2199 1585 2237 30-40
1604 2196 1787 2236 externis
1807 2155 1883 2236 Hos

330 2246 443 2287 culos
463 2246 810 2298 subaequantibus
829 2246 920 2288 basi
941 2248 1153 2288 araneosis
1174 2253 1372 2289 caeterum
1402 2248 1558 2300 glabris
1590 2248 1833 2300 patentibus
1861 2252 1904 2289 et

330 2299 480 2340 erectis
501 2304 680 2351 anguste
700 2299 943 2341 lanceolatis
958 2301 1138 2341 acerosis
1155 2312 1280 2342 nervo
1295 2300 1444 2342 subtus
1459 2301 1707 2353 prominulo,
1726 2302 1902 2343 internis

329 2353 520 2393 scariosis
541 2352 768 2393 linearibus
795 2353 1060 2401 acuminatis,
1083 2352 1263 2394 flosculis
1292 2355 1528 2406 purpureis,
1559 2353 1784 2395 filamentis
1816 2354 1903 2407 gla-

328 2405 430 2454 bris,
454 2405 636 2446 acheniis
658 2405 1047 2458 obovato-oblongis
1069 2407 1317 2458 compressis
1338 2406 1509 2448 laevibus
1537 2411 1595 2454 ⁸21.

387 2475 481 2511 Hab.
501 2477 537 2511 in
554 2482 676 2511 monte
697 2477 863 2511 Sikaram
879 2476 1064 2512 districtus
1082 2477 1219 2512 Harlab
1236 2477 1442 2522 Affghaniae
1457 2479 1623 2513 9-12000'
1638 2478 1774 2522 (Aitch.
1789 2479 1857 2514 358
1867 2478 1902 2522 !).

388 2540 534 2575 Pedalis
555 2540 612 2575 vel
630 2540 823 2584 bipedalis.
844 2541 956 2576 Foliis
977 2552 1105 2586 parum
1126 2541 1307 2586 profunde
1325 2541 1446 2577 divisis
1473 2548 1509 2578 et
1528 2542 1608 2578 basi
1625 2543 1838 2578 auriculatis
1855 2542 1902 2577 ab

341 2587 513 2623 affinibus
534 2587 716 2622 distincta.

223 2721 314 2767 501,
349 2719 402 2759 C.
423 2718 918 2770 buphthalmoides‚
941 2718 1050 2760 adde
1072 2731 1081 2760 :

386 2805 480 2840 Hah.
510 2806 546 2840 in
578 2805 752 2849 lapidosis
783 2805 970 2841 districtus
1001 2805 1137 2841 Kuram
1173 2806 1379 2852 Affghaniae
1417 2809 1521 2842 4000'
1554 2818 1668 2852 usque
1699 2807 1746 2843 ad
1777 2808 1902 2853 pineta

340 2851 441 2887 distr.
462 2852 600 2887 Hariab
619 2854 761 2888 8·9000'
783 2853 919 2897 (Aitch.
944 2856 998 2897 10,
1019 2856 1098 2897 362,
1116 2856 1212 2896 381).

388 2915 507 2950 Radix
536 2916 572 2950 in
602 2915 709 2950 tuber
735 2922 880 2951 ovatum
910 2917 1124 2961 incrassata,
1151 2918 1274 2952 caules
1303 2917 1548 2961 ¹l2-1—pedales
1569 2917 1676 2953 valde
1697 2918 1899 2961 divaricati‚

340 2963 503 3006 capitula
524 2969 560 2997 et
585 2963 774 2997 involucra
796 2964 847 2998 eis
873 2963 909 2999 C.
929 2964 1160 3008 microcarpae
1179 2965 1322 3008 similia,
1352 2964 1415 3000 sed
1444 2965 1597 3000 achenia
1623 2965 1733 3010 duplo
1759 2965 1901 3009 maj0ra

341 3010 545 3045 mamillosa
565 3020 680 3054 opaca
698 3020 764 3045 nec
784 3010 977 3046 laevissima
998 3011 1129 3046 lucida.
