2115 3250
219 220 437 266 Erysimum.
939 231 1165 255 camuris-niu.
1847 223 1886 258 41

218 300 309 402 2133,
342 351 399 394 Ε.
421 353 768 404 pulchellum,
792 352 899 393 adde
921 366 929 393 ε

374 439 411 478 δ.
438 435 756 490 qrandz'florum
776 437 950 478 Trautv.
974 461 1025 465 —-
1045 437 1187 478 Flores
1206 438 1480 490 submajores,
1503 438 1661 491 siliquae
1680 439 1890 480 breviores

322 489 388 530 axi
407 489 631 542 adpressae.
653 513 707 518 —-
724 489 778 530 E.
802 489 1122 531 Lazistanicum
1143 490 1274 542 Rupr.
1298 490 1359 531 Fl.
1383 490 1511 531 Cauc.
1532 503 1574 543 p.
1598 493 1663 532 76.

378 559 472 593 Hab.
498 560 535 593 in
560 560 720 594 Caucaso
751 559 935 603 (Raddel),
962 561 997 594 in
1025 560 1179 594 collibus
1206 559 1378 603 lapidosis
1406 560 1606 604 subalpinis
1632 561 1739 595 vallis
1763 561 1889 604 Djimil

333 606 439 640 Ponti
458 607 580 640 Lazici
600 608 706 641 6000‘
727 606 864 650 (Bais).

215 741 306 786 208,
336 741 432 790 post
453 739 509 778 Ε.
531 738 858 789 strophades
876 738 1014 778 insere
1036 751 1044 778 :

373 824 426 864 E.
455 824 726 864 filiiolium
749 823 899 875 (Boiss.
924 828 966 864 et
987 823 1190 872 Haussk.)
1212 829 1349 865 totum
1368 824 1477 876 pube
1497 824 1701 876 bipartita
1722 824 1774 864 ad
1806 837 1890 865 res-

316 877 479 917 sissima
499 888 723 917 canescens
744 877 1023 928 caespitosum,
1044 876 1231 917 caulibus
1247 876 1567 918 ascendentibus
1583 877 1763 928 pumilis,
1799 877 1889 917 oliis

316 929 510 970 brevibus
537 928 984 971 setaceo-filiformibus
1015 929 1244 970 convolutis
1273 929 1326 969 ad
1353 929 1540 970 surculos
1566 928 1771 970 radicales
1798 929 1890 970 bre-

318 982 505 1022 vissimos
527 980 854 1030 confertissimiS,
884 980 1055 1022 floribus
1082 982 1372 1029 mediocribus,
1396 982 1608 1034 pedicellis
1635 981 1774 1034 calyce
1794 982 1890 1022 sub-

316 1034 527 1075 bisaccato
547 1034 702 1086 4-5-plo
728 1034 1002 1082 brevioribus,
1025 1034 1176 1086 petalis
1202 1035 1325 1075 luteis
1353 1034 1540 1075 obovatis
1568 1034 1707 1086 calyce
1734 1035 1891 1086 sesqui-

317 1087 587 1138 longion'bus,
611 1087 769 1138 siliquis
790 1087 1192 1138 erecto-patentibus
1213 1087 1347 1139 longis
1371 1087 1649 1128 teretiusculis
1672 1088 1714 1127 in
1736 1087 1890 1139 stylum

317 1140 504 1180 conicum
539 1139 656 1191 apice
689 1139 1095 1191 capitato-retusum
1130 1152 1274 1181 earum
1307 1139 1532 1181 latitudine
1564 1140 1630 1180 vix
1663 1140 1890 1191 longiorem

318 1192 583 1240 abeuntibus,
607 1204 733 1233 nervo
753 1192 890 1233 medio
911 1196 954 1232 et
974 1192 1233 1244 marginibus
1249 1193 1460 1233 valvarum
1481 1193 1546 1233 vix
1563 1193 1808 1245 prominulis
1829 1196 1887 1239 21.

368 1261 467 1343 ἑῖῧῒό.
488 1263 541 1353 ἀΙΙι
576 1262 804 1353 τυχέεῗῖῑίῢιιε
839 1262 1014 1297 calcareis
1052 1263 1182 1297 montis
1224 1265 1409 1297 Avroman
1446 1262 1691 1297 Kurdistaniae
1733 1263 1888 1298 Persicae

330 1312 365 1344 5-
391 1312 413 1343 Ο
461 1313 469 1324 ’
539 1319 623 1343 auss

372 1372 518 1416 Insigne
555 1371 651 1406 foliis
688 1372 906 1406 tenuissimis
943 1372 1101 1406 curvulis
1136 1372 1307 1415 pollicem
1346 1372 1530 1407 dimidium
1568 1373 1686 1407 rarius
1722 1372 1890 1416 pollicem

327 1419 456 1462 longis.
480 1419 659 1453 Racemus
685 1418 852 1453 fructifer
879 1419 1154 1462 3-4-pollicaris,
1172 1419 1312 1462 siliquae
1344 1422 1358 1452 l
1377 1418 1454 1457 ¹l2-2
1474 1419 1627 1463 pollices
1648 1420 1765 1464 longae
1787 1419 1890 1454 lineae

331 1465 369 1506 '‘ls
392 1466 490 1500 latae.
508 1466 622 1500 Nimis
643 1465 885 1500 artificialiter
906 1465 1029 1499 forsan
1050 1466 1094 1500 ob
1123 1466 1290 1509 siliquam
1310 1466 1582 1501 teretiusculam
1603 1477 1717 1510 prope
1736 1467 1781 1500 E.
1801 1471 1889 1501 stro-

321 1513 460 1557 phades
494 1518 754 1555 enumeratum,
786 1513 900 1556 magis
935 1512 1045 1547 affine
1077 1513 1122 1546 E.
1154 1513 1329 1558 aciphyllo
1365 1519 1399 1548 et
1429 1513 1474 1547 Ε.
1507 1513 1701 1557 crassipedi
1739 1524 1889 1557 quorum

327 1560 468 1594 caeteris
494 1560 670 1604 neglectis
698 1560 797 1603 prius
826 1559 947 1594 differt
967 1560 1106 1603 siliquis
1125 1561 1350 1604 compressis,
1369 1561 1548 1604 posterius
1569 1561 1619 1595 eis
1634 1565 1761 1595 exacte
1778 1566 1889 1595 tetra-

327 1608 440 1650 gonis,
458 1606 563 1641 ambo
581 1606 678 1641 foliis
699 1606 949 1641 crassioribus.

209 1739 300 1785 208,
334 1737 391 1777 Ε.
414 1737 752 1785 oleaefolium‚
774 1735 907 1777 adde:

372 1824 465 1859 Hab.
483 1825 520 1858 in
538 1825 726 1869 gypsaceis
744 1824 877 1858 Persiae
895 1824 1067 1859 australis
1088 1835 1203 1868 prope
1224 1824 1447 1868 Koumaredj
1472 1824 1686 1868 (Haussk.!).

208 1961 298 2005 211,
333 1957 621 2009 Conrinqia
646 1958 874 2005 clavata,
897 1957 1006 1998 adde
1029 1970 1037 1997 ς

371 2044 467 2079 Hab.
485 2045 522 2078 in
540 2044 692 2080 desertis
711 2044 858 2079 Chabur
875 2045 994 2079 Tei-ek
1012 2050 1047 2080 et
1066 2045 1113 2079 ad
1131 2045 1277 2079 Mardin
1295 2046 1568 2090 Mesopotamiae
1591 2046 1807 2089 (Haussk.1).

208 2180 299 2226 212,
333 2178 701 2218 Chalc-anthus
721 2178 1020 2227 renifolius,
1043 2178 1152 2220 adde
1174 2192 1182 2219 :

327 2266 464 2357 (HHab.
461 2267 765 2357 ki1})rup‹÷s‚tribus
785 2267 960 2302 calcareis
981 2268 1111 2303 montis
1142 2269 1264 2304 Sawus
1285 2269 1418 2304 Persiae
1440 2268 1675 2304 occidentalis
1699 2271 1875 2304 lO—llOOO

376 2324 459 2348 auss
489 2340 513 2347 ..
534 2341 542 2348 .

370 2378 516 2422 Siliquae
536 2388 633 2422 saepe
650 2377 904 2421 semipedales.

207 2512 298 2558 213,
328 2509 553 2550 Alliaria
572 2510 963 2561 brachycarpa,
986 2509 1095 2551 adde
1122 2522 1214 2564 syn.
1240 2524 1248 2551 :
1277 2510 1662 2564 Taplercspermum
1691 2511 1888 2554 Caucasi-

311 2575 405 2604 cum
425 2563 557 2614 Rupr.
581 2562 642 2603 Fl.
666 2561 793 2603 Cauc.
827 2575 868 2615 p.
904 2566 969 2604 84.

372 2649 424 2685 Cl.
450 2655 578 2684 auctor
607 2650 775 2694 siliquam
801 2651 952 2685 erronee
977 2661 998 2685 a
1027 2650 1143 2686 latere
1173 2661 1415 2695 compressam
1448 2656 1484 2686 et
1515 2662 1612 2693 aeoere
1643 2651 1887 2687 dehiscentem

325 2696 423 2741 dicit,
448 2698 577 2732 revera
610 2697 765 2731 valvulae
799 2707 970 2732 convexae
1000 2704 1084 2732 sunt
1113 2703 1148 2732 et
1177 2698 1324 2733 tandem
1355 2709 1498 2742 semper
1531 2698 1732 2733 dehiscunt.
1765 2699 1885 2734 Genus

329 2744 645 2788 Taphrospermum
661 2744 789 2778 habitu
805 2744 941 2789 gaudet
958 2745 1102 2779 omnino
1119 2745 1250 2789 alieno,
1265 2746 1344 2789 ejus
1361 2747 1497 2780 semina
1515 2746 1628 2780 multo
1645 2746 1785 2780 minora
1801 2752 1885 2780 sunt

326 2796 361 2825 et
380 2791 819 2835 punctato-scrobiculata
835 2801 902 2826 nec
921 2791 1236 2836 longitudinaliter
1256 2793 1399 2828 striata.

371 2855 417 2888 A.
451 2854 692 2900 brachycarpa
723 2860 777 2889 est
808 2855 936 2898 planta
961 2865 1083 2889 annua
1109 2856 1274 2891 caulibus
1301 2857 1450 2891 ramosis
1477 2857 1658 2900 ramisque
1686 2857 1884 2892 numerosis

325 2901 603 2936 ascendentibus
617 2901 674 2936 vel
688 2901 998 2946 decumbentibus,
1015 2903 1133 2937 variat
1147 2908 1187 2937 ut
1201 2908 1236 2938 et
1253 2903 1393 2947 siliquae
1407 2903 1549 2938 hirsuta
1567 2904 1624 2938 vel
1641 2903 1883 2948 glabrescens.

372 2963 521 2998 Habitat
540 2965 576 2999 in
597 2964 772 3000 calcareis
793 2971 827 3000 et
844 2966 1020 3009 glareosis
1039 2965 1085 3000 ad
1104 2971 1287 3001 torrentes
1312 2967 1349 3001 in
1368 2966 1520 3002 Ossetiae
1539 2967 1634 3002 valle
1651 2966 1750 3002 fluvii
1766 2967 1883 3002 Terek

327 3013 469 3045 3-6000'
490 3011 747 3056 (Brotherusl),
768 3013 804 3046 in
821 3012 1072 3057 Daghestania
1091 3014 1234 3048 6-9000‘
1251 3008 1378 3058 (Rupr.
1389 3015 1423 3057 1).
