2094 3351
210 212 280 248 324
942 221 1163 246 conrosuus.
1641 211 1887 257 Zollikoseria„

209 293 230 320 P
273 313 279 319 .

213 301 305 394 8⁸2g4,
337 350 432 398 post
451 345 502 385 Z.
525 344 773 385 fallacem
793 344 960 385 inserte

371 437 420 476 Z.
449 439 505 476 ta
547 435 749 483 etodes,
772 447 912 475 annua
927 435 1081 528 (gissabia
1112 447 1220 475 nana
1251 436 1460 495 giegaria‚
1484 435 1672 476 caulibus
1696 435 1898 476 tenuibus

310 489 399 540 Jam
431 488 571 540 paulo
608 499 737 547 supra
772 487 892 528 basin
971 487 1164 528 chotome
1201 488 1507 535 ramosissimis,
1539 487 1646 528 foliis
1677 488 1894 540 petiolatis

315 542 504 593 oblongis
531 541 776 588 runcinatis,
808 539 1023 581 floralibus
1054 540 1311 592 pedunculos
1343 540 1608 592 aequantibus
1647 540 1811 581 lineari·
1814 540 1894 581 fili-

315 592 516 635 formibus
537 594 729 643 integris,
751 593 996 645 pedunculis
1024 593 1221 633 tenuibus
1241 593 1425 644 capitulo
1455 605 1582 644 parvo
1612 593 1894 645 sublongiori-

314 647 408 695 bus
431 646 606 697 calyculi
626 624 837 686 involucro
859 645 1076 697 quintuplo
1098 645 1298 686 brevioris
1318 647 1503 697 squamis
1529 650 1571 686 4-
1575 649 1597 687 5
1619 650 1758 686 ovato-
1762 646 1891 686 trian-

315 699 546 751 rularibus,
570 698 720 751 phyllis
740 698 940 739 involucri
963 698 1189 738 linearibus
1217 698 1496 749 glaberrimis,
1526 698 1706 739 flosculis
1733 698 1892 739 involu-

315 764 385 793 cro
405 752 644 804 sesquilong
620 751 818 799 ‹rioribus‚
841 750 1025 791 acheniis
1031 783 1111 791 .....
1135 753 1199 800 Θ.

373 823 467 857 Hab.
486 824 521 856 in
539 822 676 857 fissuris
694 823 835 865 rupium
859 821 1044 856 districtus
1065 822 1203 856 Haliab
1226 821 1431 866 Affghaniae
1452 821 1589 864 (Aitch.
1611 822 1723 866 5891).

374 886 506 921 Planta
526 889 540 920 1
564 885 846 929 'l2-2-pollicaris
866 886 974 919 ramis
995 885 1173 919 intricatis
1194 890 1338 929 tapetas
1364 885 1420 919 vel
1449 885 1616 928 pulvinos
1643 884 1896 920 musciformes

331 944 439 977 rupes
474 933 670 968 vestientes
708 932 878 966 formans.
915 932 1085 976 Capitula
1118 933 1169 966 eis
1202 933 1246 966 Z.
1278 932 1517 976 asplenifoliae
1556 932 1707 975 minora,
1737 932 1889 967 achenia

327 983 454 1026 ignota
475 987 510 1015 et
529 980 609 1015 ideo
631 978 792 1014 affinitas
811 979 930 1013 dubia.

209 1114 300 1159 826,
333 1111 382 1151 Ζ.
402 1111 718 1162 glomerata,
742 1108 852 1149 adde
874 1121 882 1148 ;

373 1197 440 1232 Ar.
463 1197 605 1240 Geogr.
627 1197 730 1231 India
750 1196 1157 1231 boreali-occidentalis.

209 1333 300 1377 830,
337 1329 686 1380 Cymboseris
709 1327 1003 1368 Palaestina
1024 1328 1066 1368 in
1087 1327 1240 1368 Benth.
1259 1332 1301 1368 et
1321 1327 1458 1368 Hook.
1477 1326 1584 1369 Gen.
1602 1327 1664 1369 Pl.
1683 1328 1738 1376 II,
1753 1340 1794 1380 p.
1815 1330 1898 1369 516

316 1382 369 1423 ad
394 1382 643 1422 vaiietatem
666 1380 965 1432 grandifloram
1003 1379 1199 1432 Crepidzs
1232 1379 1483 1440 (Phaecasz'z')
1503 1380 1695 1434 pulchrae
1716 1381 1891 1422 reducta

313 1435 505 1494 specifice
526 1433 666 1474 differt
685 1438 841 1486 praeter
857 1433 1043 1493 capitula
1064 1433 1190 1485 duplo
1210 1433 1371 1492 majora
1392 1433 1576 1475 acheniis
1600 1434 1782 1475 externis
1804 1445 1894 1475 cor-

315 1495 456 1529 ticoffls
495 1498 584 1527 com
618 1487 742 1527 ressis
774 1487 991 1538 triquetris
1030 1486 1154 1527 alatis
1189 1486 1365 1527 internis
1397 1486 1487 1528 basi
1526 1487 1567 1527 in
1603 1486 1889 1528 membranam

315 1540 553 1581 tubulosam
616 1540 788 1580 ilatatis.
826 1538 868 1580 Si
904 1543 1046 1579 tamen
1078 1539 1314 1592 phyllorum
1346 1539 1546 1580 involucri
1579 1538 1890 1581 fructiferorum

311 1593 523 1634 induratio
553 1592 723 1644 majoris
744 1592 947 1633 momenti
968 1604 1092 1644 quam
1125 1592 1393 1633 acheniorum
1420 1596 1637 1633 structura
1663 1604 1753 1634 esse
1779 1592 1892 1633 vide-

315 1653 398 1694 tur,
417 1651 518 1687 tunc
531 1645 679 1699 Crepis
687 1645 872 1698 pulchra
886 1650 930 1686 et
945 1644 1207 1698 Cymboseris
1223 1645 1461 1686 Palaestina
1475 1657 1569 1686 cum
1588 1645 1763 1699 Crepide
1776 1645 1891 1687 Rea-

315 1699 485 1741 teriami
503 1699 580 1739 sub
603 1710 757 1749 genere
776 1698 841 1739 vel
861 1699 1046 1739 sectione
1065 1697 1283 1740 ΡΙιιεσαείο
1303 1698 1658 1751 approximandae.

208 1842 300 1887 837,
334 1838 524 1889 Crepis
543 1848 839 1888 macr-opus
860 1839 897 1891 β.
919 1836 1132 1891 Phryyz'a,
1155 1836 1265 1878 adde
1287 1850 1295 1877 :

371 1924 465 1959 Hab.
486 1925 522 1958 in
541 1930 663 1958 monte
680 1923 746 1957 Ida
766 1923 921 1958 Troadis
943 1923 1046 1967 (Sint.
1067 1925 1181 1967 7121).

207 2063 298 2107 838,
331 2063 426 2111 post
445 2059 495 2098 C.
521 2057 760 2097 Sahendi
779 2057 916 2097 insere
939 2069 946 2097 :

367 2147 419 2186 C.
439 2145 758 2193 Aitchisoni,
777 2144 919 2186 radice
938 2144 1141 2194 verticali,
1165 2144 1272 2186 foliis
1293 2145 1484 2186 omnibus
1505 2145 1757 2186 radicalibus
1775 2157 1891 2186 rosu-

316 2200 411 2240 litis
442 2198 597 2251 pallide
629 2198 861 2238 virentibus
896 2198 1076 2250 sparsim
1109 2197 1303 2239 setulosis
1332 2198 1529 2239 obovato-
1513 2198 1722 2250 -oblongis
1755 2199 1891 2239 runci-

316 2257 432 2292 nato-
416 2252 581 2304 -lyratis
609 2255 828 2301 segmento
862 2251 1070 2291 terminali
1102 2256 1224 2291 ovato
1254 2251 1318 2292 vel
1347 2251 1526 2303 oblongo
1560 2256 1684 2292 acute
1718 2251 1892 2292 dentato

316 2305 473 2346 liciniis
494 2304 739 2345 lateralibus
786 2316 833 2343 ai
835 2315 894 2344 vis
916 2303 1247 2355 triangularibus
1268 2305 1402 2345 acutis
1423 2316 1541 2344 secus
1563 2308 1724 2345 costam
1746 2303 1891 2345 decur-

316 2371 372 2399 rie
363 2358 518 2401 itibus
540 2369 664 2416 scapo
687 2369 741 2397 nu
775 2356 1055 2398 odichotome
1075 2360 1116 2397 2-
1118 2360 1161 2397 4-
1145 2356 1352 2409 -cephalo,
1374 2357 1568 2409 capitulis
1589 2357 1712 2409 longe
1732 2357 1892 2409 pedun-

314 2411 463 2452 ‹ulatis
483 2410 637 2469 parvis,
660 2369 862 2450 involioicri
883 2409 1034 2462 phyllis
1055 2409 1307 2450 lanceolato-
1313 2410 1536 2451 linearibus
1559 2410 1610 2451 ab
1632 2411 1815 2451 externis
1836 2409 1890 2450 ad

314 2464 432 2505 intim
439 2476 462 2503 ι
483 2463 673 2511 margine
692 2462 1013 2504 membranacea
1032 2463 1186 2503 sensim
1208 2463 1414 2514 elongatis
1434 2463 1626 2504 omnibus
1646 2463 1757 2515 pube
1775 2463 1890 2515 glan-

315 2517 432 2557 ‹lulos
415 2516 637 2568 &pallida
657 2515 800 2556 obsitis
823 2519 880 2562 Ωι.

370 2588 462 2623 Hab.
485 2589 519 2622 in
536 2588 668 2631 pinetis
690 2587 735 2621 ad
756 2587 893 2622 Haiiab
916 2588 1021 2622 vallis
1043 2588 1180 2622 Kuram
1203 2587 1408 2632 Affghaniae
1431 2587 1567 2627 (Aitch.
1587 2588 1675 2632 381).

372 2652 476 2686 Folia
500 2653 559 2685 2-3
580 2651 731 2694 pollices
752 2651 860 2694 longa
881 2657 1067 2694 segmento
1088 2651 1271 2685 terminali
1292 2651 1461 2694 pollicem
1484 2651 1603 2695 longo,
1625 2662 1755 2695 scapus
1781 2650 1890 2694 peda-

329 2700 382 2739 lis,
403 2699 565 2742 capitula
582 2699 730 2741 juniora
759 2704 899 2732 tantum
924 2704 1010 2732 nota
1038 2699 1087 2733 eis
1118 2699 1153 2734 C.
1174 2699 1306 2733 Athooe
1332 2704 1367 2733 et
1400 2699 1436 2734 C.
1459 2698 1621 2733 Sahendi
1644 2699 1784 2733 minora
1812 2708 1889 2733 esse

325 2746 505 2781 videntur.
524 2746 586 2780 Eis
607 2745 737 2788 affinis,
759 2745 821 2779 sed
843 2745 939 2780 foliis
960 2746 1088 2790 lyratis
1108 2745 1263 2780 diversa.

205 2884 296 2929 841,
331 2881 384 2920 C.
411 2880 701 2926 Columnae,
726 2878 834 2919 adde
858 2892 865 2919 :

325 2963 527 3051 ‹Hlllall›.·{n
560 2962 743 2996 montibus
774 2962 859 2996 OEtir
897 2962 1117 2997 Phthiotidis
1148 2969 1182 2998 et
1212 2963 1455 3008 Tymphresto
1493 2962 1643 2997 AEtoliae
1676 2964 1890 2997 5500-7000'

376 3021 394 3044 Ε
413 3022 423 3043 (
439 3022 483 3044 Γ..
510 3037 515 3043 .
