2115 3250
207 219 422 265 Triqonella.
919 227 1171 252 LEGUMiNOSAE.
1810 217 1875 252 163

235 306 252 325 a
275 318 282 326 .

205 299 303 400 1²59,
335 352 387 392 Τ.
408 351 707 403 glomerata
728 366 765 402 γ.
789 348 989 396 Aucheri,
1013 347 1120 389 adde
1143 361 1151 389 :

376 437 470 472 Hab.
488 437 524 471 in
543 436 672 471 Libani
692 436 839 480 regione
859 435 1050 480 subalpina
1067 435 1113 470 ad
1135 435 1268 470 Cedros
1287 435 1385 479 (ΒΜ,
1406 436 1589 480 Peyronl).

235 589 302 635 91,
333 588 428 638 post
446 586 499 626 T.
521 585 791 626 radiatam
810 585 946 625 insere
968 597 976 625 ε

368 672 421 711 Τ.
447 670 905 722 Schlumberqeri,
928 682 1067 710 annua
1086 669 1380 721 glabriuscula,
1404 669 1590 711 caulibus
1609 670 1877 720 abbreviatis,

316 724 479 776 stipulis
517 724 688 765 minutis
724 722 1001 775 pinnatifidis,
1043 722 1190 774 foliolis
1228 723 1398 763 minutis
1434 723 1880 765 cuneato-obcordatis

317 777 468 818 retusis
488 776 743 817 mucronatis
763 787 941 827 superne
962 775 1159 823 dentatiS,
1177 775 1421 827 pedunculis
1442 775 1709 827 capillaribus
1728 777 1882 828 petiolo

318 829 571 882 longioribus
599 828 860 870 umbellatim
893 827 1091 869 2-4-fl0ris
1125 829 1241 880 apice
1273 828 1473 875 aristatis,
1507 827 1719 879 pedicellis
1754 829 1882 881 calyci

317 882 653 934 subaequilongis,
678 881 828 934 calycis
852 880 1035 922 breviter
1063 879 1561 932 obconico-campanulati
1589 881 1784 922 dentibus
1811 882 1884 922 tri-

317 934 589 986 angularibus
610 934 710 975 tubo
730 933 1083 982 subbrevioribus‚
1113 933 1266 974 corolla
1295 932 1451 984 pallida
1477 933 1618 986 calyce
1651 933 1883 986 quadruplo

316 988 515 1039 longiore,
540 987 747 1039 legumine
766 986 994 1027 semiovato
1014 990 1251 1027 transverse
1272 991 1314 1027 et
1327 985 1527 1037 parallele
1542 987 1884 1027 nervoso-striato

315 1042 465 1081 sutura
484 1040 620 1081 altera
638 1041 756 1080 recta
774 1039 909 1080 altera
928 1039 1049 1080 valde
1063 1040 1246 1080 convexa
1259 1039 1455 1091 utrinque
1469 1038 1536 1079 ala
1553 1041 1734 1091 angusta
1748 1051 1883 1081 eroso-

319 1092 494 1134 dentata
511 1092 759 1144 marginatis
781 1094 844 1141 Θ.

378 1164 471 1199 Hab.
492 1165 528 1199 in
548 1164 688 1199 Libano
709 1164 788 1198 loco
810 1164 958 1207 proprio
976 1174 1047 1198 non
1064 1162 1223 1198 indicato
1244 1162 1301 1206 (cl.
1323 1162 1602 1207 Schlumberger
1620 1163 1681 1207 qui
1694 1163 1781 1198 mihi
1795 1162 1888 1198 frus-

333 1212 448 1246 tulum
466 1212 670 1256 speciminis
691 1211 786 1246 unici
805 1210 959 1255 benigne
979 1210 1277 1254 communicavit).

379 1276 450 1311 Vix
471 1276 711 1320 semipedalis,
731 1275 858 1310 foliola
877 1277 936 1310 2-3
957 1275 1071 1310 lineas
1096 1275 1215 1319 longa,
1241 1274 1380 1309 corolla
1400 1277 1420 1308 2
1438 1273 1471 1316 ¹l2
1496 1274 1611 1309 lineas
1640 1274 1760 1319 longa,
1788 1276 1886 1319 legu-

335 1334 416 1358 men
436 1325 495 1358 7-8
513 1323 627 1358 lineas
650 1323 796 1367 longum
824 1325 844 1357 5
865 1323 979 1357 latum
999 1322 1060 1357 ala
1076 1322 1268 1366 marginali
1294 1321 1367 1363 ¹l2-1
1394 1322 1525 1356 lineam
1542 1322 1631 1356 lata.
1652 1323 1795 1366 Species
1814 1322 1885 1357 for-

334 1381 426 1405 mam
444 1370 693 1405 intermediam
714 1371 808 1405 inter
828 1370 1036 1405 Pectinatas
1055 1374 1091 1404 et
1110 1369 1360 1404 Samaroideas
1380 1369 1557 1413 praebens.

238 1524 309 1568 94,
339 1521 616 1573 Medicago
637 1521 909 1573 glutinosa
935 1520 977 1561 in
1003 1520 1054 1561 cl.
1082 1520 1232 1562 Urban
1252 1519 1366 1561 Mon.
1389 1522 1436 1560 ut
1462 1532 1549 1560 var.
1567 1519 1824 1572 ,qlandulosa
1846 1524 1888 1562 et

242 1578 309 1623 93,
343 1576 411 1615 M.
435 1575 632 1634 falcata
652 1581 699 1615 ut
719 1575 900 1615 varietas
919 1573 1129 1626 legumine
1157 1572 1309 1614 falcato
1330 1572 1395 1614 vel
1413 1573 1597 1625 unispiro
1618 1573 1671 1614 ad
1701 1573 1765 1614 M.
1789 1573 1889 1614 sati-

325 1640 419 1669 vam
439 1631 686 1680 conjunctae.

241 1786 310 1831 95,
343 1783 412 1822 Μ.
443 1781 841 1834 Daqhestanica
874 1781 1106 1822 naturalius
1137 1793 1161 1821 a
1191 1780 1241 1821 cl.
1275 1780 1424 1823 Urban
1456 1779 1569 1822 Mon.
1603 1779 1657 1821 Νο
1689 1783 1741 1822 40
1767 1780 1889 1833 juxta

323 1835 390 1877 M.
410 1848 632 1889 praecocem
651 1838 694 1876 et
713 1834 780 1876 M.
804 1833 1014 1888 hispidam
1037 1833 1254 1875 collocata.

245 2007 310 2053 96,
325 2003 413 2098 1311.
436 2002 736 2097 εοέἔῒρεῌειει,
763 2001 871 2043 adde
898 2013 988 2055 syn.
1013 2014 1022 2042 t
1055 2001 1121 2042 M.
1151 2013 1307 2055 ruyosa
1338 2001 1458 2042 Desr.
1490 2001 1531 2041 in
1564 2000 1684 2042 Lam.
1715 2000 1889 2053 Encycl.

393 2088 402 2104 ,
424 2068 465 2109 p.
572 2087 581 2096 .

248 2211 312 2256 97,
343 2209 412 2248 Μ.
434 2206 771 2255 orbicularis,
793 2204 901 2246 adde
923 2217 931 2246 :

385 2293 478 2328 Hah.
496 2293 533 2327 in
551 2293 714 2338 AEgypto
733 2292 829 2327 circa
849 2290 1111 2326 Alexandriam
1131 2290 1362 2336 (Letourn.!).

246 2449 313 2494 97,
347 2445 420 2485 Μ.
441 2444 785 2485 Blancheana
802 2454 812 2483 ε

386 2532 504 2576 Hujus
524 2542 568 2567 ex
586 2531 631 2566 cl.
651 2531 776 2566 Urban
793 2532 829 2565 in
851 2531 983 2565 litteris
1010 2530 1117 2575 (teste
1143 2530 1296 2565 amiciss.
1317 2529 1366 2563 Dr
1391 2529 1533 2573 Levier)
1563 2529 1722 2563 varietas
1748 2528 1893 2563 inermis

340 2579 740 2661 gisgeffirlggssgomm
761 2578 957 2622 Arcangeli
982 2588 1026 2612 ex
1048 2577 1158 2612 Italia
1183 2577 1346 2620 centrali,
1370 2576 1431 2611 sed
1460 2577 1496 2611 in
1516 2575 1664 2611 Oriente
1690 2585 1833 2620 quoque
1856 2579 1896 2609 ut

248 2777 314 2823 98,
345 2778 441 2827 post
462 2774 532 2814 M.
556 2774 836 2816 Noeanam
854 2773 991 2814 insere
1013 2785 1021 2812 :

382 2861 451 2900 M.
477 2860 744 2911 Shepardi
765 2859 882 2908 (Post
907 2858 1030 2910 Mss.)
1059 2858 1304 2911 pubescens,
1334 2856 1520 2898 caulibus
1554 2855 1891 2905 ascendentibus,

328 2914 381 2954 sti
413 2913 491 2954 ulis
510 2913 678 2954 subinte
709 2913 779 2961 ris,
800 2911 949 2953 foliolis
974 2911 1145 2952 minutis
1172 2908 1709 2958 obovato-cuneiformibus,
1737 2908 1895 2960 pedun-

329 2977 379 3006 cu
397 2967 431 3007 is
451 2965 548 3006 folia
567 2976 666 3006 exce
698 2965 863 3006 entibus
881 2964 1104 3016 gracilibus
1125 2962 1339 3011 2-4-floris,
1362 2962 1533 3003 floribus
1548 2962 1719 3002 minutis
1739 2961 1893 3013 parvis,
