2115 3250
204 235 236 271 A
243 235 421 271 ndrosace.
920 244 1174 269 PRIMULACEAE.
1818 233 1881 270 341

203 314 274 347 Pag.

233 1014 295 1059 15,

221 1818 294 1864 21,

227 2117 295 2163 23,

222 2272 293 2317 24,

227 2513 294 2559 31,

311 363 502 404 foliorum
535 363 801 411 abeuntibus,
836 362 944 403 foliis
978 361 1176 403 confertis
1208 362 1439 403 imbricatis
1472 362 1656 403 carnosis
1687 362 1884 403 obovato-

310 417 499 468 oblongis
537 416 671 456 acutis
710 415 867 466 glabris
904 415 1094 466 margine
1130 414 1414 466 cartilagineis
1453 419 1495 455 et
1533 414 1881 467 cibato-asperis,

309 470 444 520 scapis
479 468 673 509 tenuibus
706 467 926 519 elongatis,
961 466 1132 507 floribus
1165 470 1231 508 5-7
1269 467 1509 508 umbellatis
1538 467 1750 518 pedicellis
1782 467 1884 509 flore

308 521 644 572 sublongioribus
674 519 870 568 suffultis,
893 519 1076 560 bracteis
1103 519 1462 572 lineari-oblongis
1519 519 1701 560 edicellis
1724 520 1884 561 brevio-

311 575 423 615 ribus
445 573 738 625 calycibusque
764 572 1218 624 glanduloso-hispidis‚
1243 572 1394 624 calycis
1422 577 1491 613 tur
1522 572 1628 612 inati
1654 572 1759 613 lobis
1789 584 1883 613 ova-

309 628 377 674 tis,
395 627 558 667 corollae
579 626 900 666 albido-carneae
922 624 1024 665 lobis
1046 625 1434 666 cuneato-obovatis
1457 628 1516 672 Di.
1533 624 1592 665 Ic.
1610 624 1733 677 Duby
1750 625 1878 666 Prim.

313 679 399 720 tab.
423 682 460 727 3,
482 678 553 731 fig.
577 681 615 719 2.

369 750 462 784 Hab.
498 751 533 784 in
567 750 741 784 silvaticis
768 749 906 793 apertis
935 748 1037 783 distr.
1066 749 1205 783 Kuram
1236 753 1271 783 et
1302 748 1440 783 Hariab
1469 748 1673 793 Affghaniae
1703 751 1871 784 7-10000‘

323 797 457 840 (Aitch.
477 799 540 831 71!
566 796 776 837 110!323!).

368 859 435 893 Ar.
458 859 601 902 Googr.
620 860 777 904 Tibetia,
799 859 1036 895 Cachemiria.

327 1013 422 1062 post
442 1011 501 1050 A.
525 1010 873 1061 caespitosam
894 1010 1031 1050 insere
1054 1022 1061 1049 :

363 1109 422 1148 A.
459 1108 812 1149 rotundifolia
853 1107 1043 1160 (Hardw.
1082 1107 1152 1148 As.
1189 1107 1415 1149 Research.
1450 1107 1523 1156 VI,
1560 1108 1654 1159 350)
1690 1110 1884 1161 perennis

309 1160 808 1213 glanduloso-pubescens
837 1161 901 1201 vel
927 1161 1105 1210 hirsuta,
1129 1160 1236 1202 foliis
1257 1161 1381 1213 longe
1405 1165 1448 1202 et
1468 1162 1654 1202 tenuiter
1672 1162 1886 1214 petiolatis

309 1213 491 1255 cordatis
514 1214 756 1255 orbiculatis
776 1213 973 1254 lobulatis
994 1213 1098 1254 lobis
1119 1214 1397 1255 obtusissimis
1418 1215 1571 1255 retusis
1591 1215 1656 1255 vel
1685 1215 1882 1263 crenatis‚

307 1267 442 1319 scapis
463 1267 668 1319 elongatis
689 1266 787 1307 folia
807 1267 1119 1318 superantibus,
1143 1266 1315 1308 floribus
1334 1271 1399 1308 5-7
1417 1267 1658 1308 umbellatis
1671 1268 1885 1320 pedicellis

308 1319 409 1360 flore
438 1319 776 1372 sublongioribus
807 1318 1002 1367 suffultis,
1034 1319 1218 1360 bracteis
1251 1320 1610 1361 involucrantibus
1639 1320 1885 1362 lanceolatis

308 1373 373 1413 vel
393 1372 582 1413 obovatis
610 1373 785 1424 integris
805 1372 869 1413 vel
899 1376 1050 1424 argute
1074 1372 1259 1413 dentatis
1288 1372 1502 1424 pedicellis
1530 1373 1790 1415 brevioribus
1820 1374 1884 1415 vel

307 1437 377 1466 eos
402 1425 762 1477 subaequantibus,
785 1426 936 1477 calycis
956 1425 1089 1466 villosi
1109 1425 1163 1465 ad
1183 1425 1367 1466 medium
1387 1425 1472 1466 fissi
1491 1426 1595 1467 lobis
1622 1427 1757 1467 acutis
1777 1426 1886 1467 fruc-

306 1477 440 1519 tiferis
467 1478 682 1530 capsulam
702 1478 1014 1530 superantibus,
1048 1478 1212 1519 corollae
1245 1478 1349 1519 lobis
1376 1478 1573 1519 brevibus
1605 1479 1795 1520 obovatis
1823 1483 1882 1527 Q.

309 1530 362 1571 A.
386 1530 522 1572 incisa
543 1531 665 1572 Wall.
689 1531 813 1584 Duby
833 1531 961 1572 Prim.
985 1531 1073 1571 tab.
1098 1534 1135 1579 3,
1159 1530 1230 1583 fig.
1253 1534 1292 1571 4.

365 1602 458 1637 Hab.
479 1603 574 1637 inter
594 1602 765 1638 Shalizan
783 1608 819 1637 et
838 1602 1063 1637 Habibkalla
1082 1602 1286 1647 Affghaniae
1308 1604 1451 1637 7-8000'
1472 1603 1635 1646 (Aitch.).

369 1666 435 1701 Ar.
455 1665 598 1709 Geogr.
615 1668 729 1712 Regio
750 1667 955 1702 Himalaica
974 1672 1191 1711 temperata.

329 1815 588 1866 Dionysia
608 1816 908 1866 tapetodeS,
932 1814 1041 1856 adde
1060 1828 1068 1856 :

366 1916 457 1950 Hab.
479 1917 624 1960 copiose
645 1916 691 1951 ad
712 1927 821 1960 rupes
841 1916 1029 1951 umbrosas
1055 1917 1161 1952 vallis
1188 1916 1326 1951 Kuram
1352 1915 1558 1961 Affghaniae
1584 1917 1679 1951 inter
1707 1916 1883 1953 Shendtoi

322 1968 357 1998 et
374 1963 579 2007 Karatigah
598 1963 734 2008 (Aitch.
758 1966 819 1998 131
834 1965 868 2006 !).

329 2114 576 2154 Primula
596 2115 862 2163 Boveana,
884 2114 992 2155 adde
1015 2127 1023 2155 :
1047 2114 1156 2155 Link
1173 2119 1216 2156 et
1237 2114 1338 2157 Otto
1359 2115 1472 2156 Icon.
1495 2115 1552 2167 pl.
1575 2115 1719 2156 select.
1743 2120 1774 2156 t.
1799 2118 1864 2156 51.

328 2270 386 2310 P.
411 2270 617 2310 acaulis
639 2273 676 2325 β.
698 2282 833 2318 rosea,
857 2269 966 2311 adde
990 2282 998 2310 :

367 2363 460 2399 Hab.
480 2365 516 2398 in
534 2364 715 2399 montibus
736 2365 872 2409 Delphi
892 2364 1042 2399 Euboeae
1064 2370 1099 2400 et
1119 2365 1245 2400 Pelion
1266 2365 1465 2400 ‘shessaliae
1488 2365 1671 2410 (Heldr.!).

325 2514 421 2563 post
443 2511 502 2551 P.
525 2512 893 2562 capitellatam
918 2512 1055 2553 insere
1077 2525 1085 2553 :

364 2609 422 2648 P.
446 2609 778 2650 denticulata
803 2609 909 2662 (Sm.
939 2610 1063 2651 Exot.
1087 2610 1183 2651 Bot.
1207 2611 1261 2659 ΙΙ,
1289 2614 1376 2658 109,
1401 2610 1489 2652 tab.
1517 2611 1609 2657 114)
1635 2622 1762 2663 parce
1788 2610 1884 2651 fari-

309 2673 424 2709 nosa,
448 2662 551 2702 collo
571 2663 802 2703 incrassato
823 2664 1007 2715 squamis
1033 2663 1129 2704 latis
1156 2664 1310 2704 foliosis
1339 2664 1504 2712 vestito,
1533 2664 1639 2705 foliis
1665 2664 1885 2717 subhyste-

308 2713 482 2755 ranthiis
521 2715 681 2766 rugosis
720 2716 916 2757 tenuibus
954 2716 1356 2757 ovato-lanceolatis
1396 2717 1556 2758 obtusis
1596 2722 1748 2767 argute
1787 2716 1886 2757 den-

310 2766 494 2807 ticulatis
522 2767 564 2807 in
593 2767 791 2819 petiolum
821 2769 980 2809 alatum
1012 2769 1280 2821 vaginantem
1312 2769 1551 2817 coarctatis,
1580 2781 1705 2822 scapo
1735 2770 1885 2821 saepius

309 2819 518 2869 elongato,
555 2819 725 2861 floribus
758 2822 953 2873 capitatis
984 2822 1194 2873 pedicellis
1225 2822 1365 2874 calyce
1397 2822 1657 2863 brevioribus
1684 2821 1882 2870 suffultis,

310 2873 509 2913 involucri
536 2872 686 2924 phyllis
717 2873 807 2914 basi
838 2885 919 2914 non
952 2874 1088 2925 gibbis
1120 2875 1307 2915 breviter
1337 2875 1581 2916 lanceolatis
1610 2875 1887 2927 inaequalibus

308 2925 450 2976 calyce
481 2925 612 2965 multo
644 2925 919 2975 brevioribus,
952 2927 1092 2979 calyce
1120 2927 1174 2967 ad
1201 2927 1385 2968 inedium
1414 2928 1455 2968 in
1489 2927 1660 2968 lacinias
1689 2928 1886 2977 oblongo-

307 2977 485 3018 lineares
506 2977 678 3018 obtusas
699 2978 809 3027 fisso,
834 2979 996 3020 corollae
1016 2992 1238 3031 purpureae
1261 2980 1362 3021 tubo
1379 2981 1518 3032 calyce
1539 2980 1665 3032 duplo
1684 2981 1885 3031 longiore,
