2115 3250
207 199 378 234 Hibiscus.
928 208 1142 232 MAnVAcEAE.
1807 199 1873 234 135

207 281 277 315 Pag.

207 336 298 381 840,
331 332 384 373 ad
405 331 568 384 generis
590 331 848 370 Hibiscus
869 330 1024 371 calcem
1044 330 1180 371 insere
1203 343 1211 370 ε

366 434 489 476 ὃΕοΤ.
511 434 583 475 IV.
606 433 812 475 LAGUNEA
832 432 932 474 Cav.
948 456 1000 461 —
1013 433 1243 474 Bracteolae
1263 433 1401 474 nullae.
1426 432 1594 474 Semina
1612 446 1693 474 non
1715 434 1870 475 lanata.

365 558 430 597 H.
453 557 717 597 Solandra
738 556 912 608 (L'Her.
936 556 1064 608 Stirp.
1087 556 1121 605 I,
1147 560 1235 605 105,
1259 557 1347 597 tab.
1369 557 1439 606 49)
1460 568 1622 597 annuus
1641 557 1873 608 pubescens

311 615 353 651 et
373 610 593 657 setulosus,
617 609 734 650 caule
755 612 892 650 erecto
920 609 1035 649 tenui
1055 608 1236 650 flexuoso
1261 610 1438 661 simplici
1464 609 1527 650 vel
1557 620 1735 654 ramoso,
1767 608 1872 650 foliis

310 662 462 715 petiolo
479 661 623 714 gracili
643 662 876 714 aequilongo
896 661 1077 702 suffultis
1097 662 1230 702 ovatis
1250 662 1315 702 vel
1335 661 1598 702 subcordatis
1625 662 1874 702 acuminatis

308 727 364 756 sae
396 727 418 755 e
438 715 655 766 palmatim
676 714 837 755 trilobis
866 715 1038 754 summis
1059 714 1112 754 ad
1139 714 1310 755 lacinias
1330 714 1529 762 reductis,
1558 714 1802 766 pedunculis
1824 726 1875 754 ex

308 768 372 807 axi
392 767 440 807 lis
478 767 760 818 superioribus
794 766 980 807 unifloris
1018 767 1151 818 longis
1190 779 1400 807 racemum
1439 767 1701 807 terminalem
1734 766 1874 807 laxum

309 819 601 871 subaphyllum
624 819 916 867 formantibus,
945 819 1167 860 bracteolis
1194 820 1331 868 nullis,
1360 820 1499 872 calyce
1519 819 1812 871 campanulato
1833 820 1874 859 in

310 872 480 913 lacinias
506 872 759 913 lanceolatas
782 872 1003 912 trinervias
1028 871 1233 923 profunde
1265 871 1408 919 diviso,
1444 872 1598 912 corolla
1628 871 1750 919 flava,
1780 883 1874 923 cap—

307 925 399 965 sula
415 926 539 965 ovata
557 926 742 965 rostrata
768 924 950 977 calycem
978 923 1219 971 excedente,
1247 925 1473 967 seminibus
1501 924 1777 965 tuberculatis
1808 927 1871 973 Θ.

309 977 368 1071 ἔ.
384 977 584 1070 pzssm‘lusi
598 977 794 1070 Roissbfi-
808 977 1016 1030 Laqunea
1037 976 1175 1018 Zobata
1188 977 1329 1017 Willd.
1347 1001 1398 1005 —
1417 976 1631 1029 Triquera
1650 975 1875 1028 acerzjolz'a

345 1042 410 1070 av.
472 1030 542 1070 iss.
590 1061 598 1078 ‚
621 1033 665 1070 ta
700 1062 708 1070 .
778 1062 786 1070 .

320 1100 459 1192 ὃὲῖιῗί).
478 1100 524 1135 ad
542 1100 684 1135 radices
704 1101 834 1135 montis
854 1100 926 1135 Tor
945 1101 1044 1136 Ghar
1063 1101 1207 1135 ditionis
1229 1101 1365 1135 Kuram
1384 1101 1588 1145 Affghaniae
1611 1102 1715 1135 2000‘
1739 1100 1874 1144 (Aiteh.

367 1211 434 1245 Ar.
456 1210 597 1254 Geogr.
617 1211 730 1255 India,
751 1211 877 1246 Africa
898 1211 1083 1246 orientalis
1102 1212 1252 1255 tropica.

492 1434 699 1474 (uun)
752 1435 945 1474 XXII.
1002 1435 1589 1476 STERCULIACEAE

201 1592 292 1637 841,
323 1601 397 1641 pro
431 1590 701 1630 Melhania
733 1592 1019 1631 bracteosa
1050 1603 1157 1643 pone
1187 1604 1194 1632 :
1228 1592 1296 1631 Μ.
1335 1593 1599 1633 Denhami
1632 1592 1683 1633 R.
1722 1594 1792 1634 Br.
1833 1594 1873 1633 in

307 1642 443 1683 Denh.
468 1647 510 1684 et
530 1642 677 1695 Clapp.
701 1656 796 1699 app.
820 1646 897 1684 233
918 1655 1068 1684 nomen
1088 1644 1315 1696 antiquius.

201 1802 292 1848 842,
328 1800 748 1849 Glossostemon,
771 1800 879 1842 adde
900 1801 954 1842 ad
974 1802 1138 1853 generis
1159 1802 1424 1843 characteres
1448 1816 1456 1843 t

358 1887 537 1928 Fructus
559 1888 845 1940 (immaturus)
865 1889 1145 1930 subcarnosus
1165 1889 1459 1931 indehiscens?
1479 1894 1592 1931 totus
1613 1891 1767 1932 aculeis
1794 1905 1875 1944 sp1-

304 1941 450 2001 raliter
471 1940 680 2033 (ΪίΙίβρεῖεὶῑὶε
701 1953 726 1981 a
744 1941 835 1982 basi
861 1941 950 1982 lata
975 1941 1237 1983 subconnata
1262 1943 1496 1984 lanceolata
1522 1945 1754 1985 attenuatis
1785 1957 1876 1986 ace-

306 2005 409 2034 rosis
429 2004 475 2033 ec
506 2005 575 2033 ma
597 2005 661 2034 us.

200 2135 291 2179 843,
326 2132 380 2172 G.
414 2132 719 2183 Bruquieri,
742 2132 851 2173 adde
874 2145 882 2173 :

363 2220 455 2254 Hab.
475 2221 510 2254 in
532 2220 675 2255 deserto
697 2222 792 2255 circa
809 2222 961 2256 Kerkuk
980 2227 1015 2256 et
1035 2222 1082 2256 ad
1102 2222 1243 2257 radices
1264 2224 1394 2258 montis
1415 2223 1495 2258 Tell
1517 2224 1648 2258 Kokab
1669 2225 1876 2268 Mesopota-

317 2268 396 2301 miae
418 2267 631 2311 (Haussk.!).
653 2268 780 2302 Turcis
810 2269 1014 2313 Arabyossi.

364 2331 519 2365 Fructus
547 2331 849 2376 ovato—oblongus
883 2334 985 2366 12-15
1009 2333 1123 2367 lineas
1150 2333 1279 2377 longus
1307 2334 1483 2368 diametro
1517 2337 1617 2368 10-11
1644 2335 1740 2369 latus
1765 2335 1876 2378 spinis

315 2377 439 2421 rigidis
458 2377 568 2412 dense
589 2384 624 2412 et
644 2378 803 2413 breviter
822 2380 1033 2414 tomentosis
1050 2382 1134 2414 9-10
1156 2380 1271 2415 lineas
1289 2381 1405 2425 longis
1422 2381 1501 2416 basi
1519 2384 1578 2415 2-2
1597 2383 1631 2423 'l2
1657 2382 1771 2416 lineas
1792 2383 1877 2417 latis

318 2425 516 2459 echinatus.
537 2425 680 2460 Semina
700 2426 921 2470 (immatura)
943 2432 1051 2461 ovata
1071 2437 1277 2471 compressa
1298 2430 1319 2461 4
1340 2429 1455 2463 lineas
1475 2429 1583 2472 longa
1606 2430 1626 2462 3
1644 2428 1733 2463 lata.

577 2611 785 2651 oRDo
837 2612 1065 2652 XXIII.
1118 2613 1499 2653 TILIACEAE

203 2771 293 2815 844,
328 2769 543 2810 Grewia
576 2770 782 2811 bicolor
812 2771 863 2812 ob
886 2771 1170 2814 confusionem
1199 2784 1292 2814 cum
1324 2772 1375 2814 G.
1405 2772 1581 2814 bicolore
1610 2773 1720 2814 Roth
1745 2793 1790 2806 z
1820 2774 1874 2815 G.

308 2821 469 2863 excelsa
489 2821 595 2863 Vahl
616 2824 782 2864 nomine
804 2825 858 2865 G.
881 2825 1164 2866 salvifoliae
1185 2826 1332 2878 Heyne
1352 2826 1589 2867 salutanda.

320 2910 458 2999 (Αξέἓξ.
476 2911 752 2998 5ixli2i'i3ffghaniae
774 2913 870 2947 valle
890 2913 1025 2948 Kuram
1048 2915 1142 2949 inter
1159 2914 1328 2949 Mandari
1355 2920 1390 2950 et
1410 2914 1545 2958 Chupri
1571 2925 1690 2959 usque
1715 2914 1761 2948 ad
1783 2917 1883 2949 3000
