2094 3351
237 231 305 267 118
973 244 1148 268 AnsmsAE.
1728 235 1905 271 stellaria.

233 310 303 345 Pag.

236 366 328 412 708,
364 364 416 404 S.
439 364 708 416 uliginosa
729 377 737 405 :

401 451 532 486 Planta
553 462 595 486 ex
618 452 778 487 Caucaso
802 452 1017 487 occidentali
1042 454 1146 487 4800‘
1171 452 1271 498 (C.A.
1299 453 1407 498 Mey.)
1435 458 1470 488 et
1491 464 1509 488 e
1534 453 1785 498 Daghestania
1804 456 1908 489 ‘7200‘

356 498 516 542 (Rupr.!)
536 499 629 533 sistit
655 509 730 533 var.
757 498 1016 543 anayalloidem
1042 510 1064 534 a
1087 505 1174 544 typo
1200 500 1328 534 habitu
1353 500 1568 544 robustiore,
1594 501 1689 536 foliis
1716 501 1907 536 latioribus

353 546 515 589 margine
546 545 742 589 undulatis,
774 545 923 580 floribus
955 546 1222 590 submajoribus
1257 553 1292 582 et
1324 547 1475 591 capsula
1509 548 1669 592 calycem
1699 554 1907 592 superante,

354 592 546 627 seminibus
567 592 833 636 submajoribus
854 593 1070 636 distinctam,
1086 593 1148 628 sed
1166 593 1290 628 formae
1310 594 1534 629 intermediae
1553 594 1696 630 adsunt.
1710 595 1746 630 S.
1762 596 1907 640 anaqal—

354 639 462 673 loae'des
479 639 563 674 C.A.
583 640 677 684 Mey.
695 640 781 674 Mss.
803 644 839 674 et
857 640 972 684 Rupr.
993 641 1048 674 Fl.
1071 641 1178 676 Cauc.
1198 651 1232 685 p.
1253 643 1332 675 222.

236 773 327 818 709,
361 770 684 822 Moehrinqia
702 769 976 819 minervia,
998 770 1107 812 adde
1128 783 1137 811 :

400 858 493 893 Ilab.
514 859 549 893 in
570 859 716 902 regione
733 858 900 893 silvatica
919 859 1050 893 montis
1069 859 1204 903 Delphi
1224 858 1373 894 Euboeae
1394 864 1429 894 et
1448 860 1595 905 regione
1620 860 1745 905 alpina
1764 860 1909 906 Olympi

354 905 520 940 Thessali
537 905 720 949 (Heldr.!),
738 906 852 940 Ponto
872 906 1003 941 Lazico
1022 917 1136 951 prope
1155 907 1271 941 Rhize
1291 907 1382 944 (Bal.
1395 908 1430 951 !).

235 1038 325 1083 715,
358 1035 663 1075 Cerastium
682 1035 978 1086 triqynum,
1001 1034 1110 1076 adde
1132 1048 1140 1076 :

399 1121 492 1155 Ilab.
514 1121 548 1155 in
570 1121 714 1155 summis
732 1121 861 1155 Libani
881 1121 927 1155 ad
949 1123 1048 1156 nives
1068 1122 1103 1155 in
1131 1123 1315 1157 cacumine
1332 1122 1474 1156 Kurnat
1490 1122 1680 1157 Essaouda
1700 1132 1811 1166 supra
1828 1123 1906 1157 Tri-

351 1169 427 1211 poli
449 1170 550 1202 9000'
579 1168 692 1210 (Bw),
720 1168 766 1202 ad
789 1169 887 1203 nives
913 1170 1085 1203 montium
1115 1169 1237 1204 Kellal
1268 1174 1303 1204 et
1331 1169 1536 1205 Ssebsekuh
1557 1170 1690 1204 Persiae
1718 1170 1906 1204 orientalis

353 1216 625 1306 {Hugizsslgb!2,vi)n
645 1216 792 1259 regione
809 1216 933 1259 alpina
953 1217 1064 1250 totius
1088 1217 1238 1251 Caucasi
1258 1218 1496 1251 8400-11000'
1520 1227 1605 1251 rara
1630 1217 1665 1251 in
1692 1216 1907 1251 demissiori-

421 1373 429 1382 .
461 1341 647 1382 robusta.
670 1364 723 1370 ——
742 1341 892 1383 Caules
915 1341 1498 1394 ascendenti-procumbentes
1519 1343 1727 1384 numerosi
1748 1343 1816 1384 alii
1837 1342 1910 1383 flo-

339 1395 373 1434 ri
394 1395 453 1435 eri
474 1394 542 1434 alii
563 1394 784 1446 aequilongi
805 1395 967 1435 steriles
988 1395 1133 1435 crebre
1147 1395 1279 1436 foliosi
1295 1407 1437 1436 omnes
1451 1395 1575 1437 firmi.
1591 1395 1708 1437 Folia
1720 1396 1785 1437 lon
1819 1396 1909 1436 iora

339 1447 515 1487 linearia
545 1450 638 1487 6-10
671 1448 742 1488 lin.
776 1447 901 1499 longa
924 1448 1077 1488 lineam
1108 1447 1197 1488 lata
1223 1448 1384 1500 glabra,
1416 1449 1586 1501 capsula
1614 1448 1755 1501 calyce
1810 1448 1908 1501 uplo

339 1499 502 1551 longior
522 1499 718 1541 dentibus
739 1501 856 1553 apice
874 1500 1009 1552 magis
1028 1500 1243 1542 revolutis.

350 1570 776 1651 Boii-Sonsggitlzligtpropria
797 1570 841 1604 ob
863 1570 984 1605 caules
1009 1569 1130 1605 firmos
1155 1570 1278 1615 habui,
1303 1570 1366 1605 sed
1393 1571 1624 1606 characteres
1648 1571 1908 1606 differentiales

352 1680 742 1771 ὬὲἒῦζΒίῑιιῦῑρςὶοῃθ
776 1681 901 1725 alpina
933 1681 1040 1716 Ponti
1073 1681 1197 1716 Lazici
1228 1682 1264 1715 in
1296 1682 1411 1725 pratis
1443 1682 1599 1717 humidis
1635 1692 1746 1727 supra
1781 1682 1908 1726 Djimil

357 1738 367 1760 l
446 1729 454 1742 '
521 1738 610 1762 a...

234 1861 324 1907 716,
358 1859 410 1899 C.
446 1870 875 1911 macrocarpum.
910 1860 1000 1901 Hoc
1032 1872 1180 1901 nomen
1213 1859 1452 1913 specificum
1482 1861 1598 1913 prius
1627 1873 1652 1901 a
1684 1860 1734 1901 cl.
1774 1858 1909 1901 Schur

337 1911 494 1964 plantae
533 1912 868 1964 Transylvanicae
905 1913 1109 1954 tributum
1147 1913 1394 1954 mutandum
1431 1917 1495 1954 est
1531 1913 1573 1954 in
1610 1914 1662 1954 C.
1705 1914 1906 1953 Hauss-

338 1966 580 2006 knechtii
597 1965 730 2006 Boiss.
748 1965 932 2007 Haussk.
952 1966 1057 2007 OEst.
1074 1966 1169 2007 Bot.
1193 1966 1299 2007 Zeit.
1325 1969 1439 2015 1876,
1461 1978 1503 2018 p.
1525 1969 1618 2007 410.
1636 1964 1699 2007 Cl.
1718 1965 1908 2006 detector

337 2030 434 2058 vere
456 2021 554 2059 1867
585 2019 626 2059 in
646 2018 951 2071 Mesopotamia
979 2019 1066 2060 loco
1095 2019 1278 2060 indicato
1304 2019 1477 2060 meliora
1501 2019 1604 2071 legit
1629 2018 1855 2070 specimina
1884 2030 1907 2058 e

337 2071 486 2123 quibus
507 2076 618 2112 notae
637 2076 858 2123 sequentes
879 2071 1082 2113 addendae
1100 2085 1108 2112 ε

391 2141 526 2181 Radix
546 2141 703 2193 rapulis
723 2140 977 2182 fasciculatis
998 2141 1233 2194 cylindricis
1253 2141 1407 2182 sensim
1429 2141 1660 2182 attenuatis
1681 2141 1723 2193 (3
1741 2142 1784 2192 Ὗ,
1836 2140 1906 2181 011.

339 2193 471 2245 longis
493 2194 697 2235 diametro
717 2206 897 2246 superne
916 2197 985 2235 4-5
1004 2194 1135 2235 lineas
1155 2194 1270 2245 latis)
1292 2199 1488 2235 constans
1514 2206 1693 2246 superne
1713 2204 1790 2234 cau
1822 2194 1907 2234 icu-

338 2246 397 2287 los
417 2246 713 2288 subterraneos
732 2258 918 2287 ramosos
937 2259 1179 2299 squamosos
1194 2247 1335 2288 edens.
1352 2247 1473 2287 Rami
1492 2247 1655 2288 steriles
1673 2246 1907 2287 abbreviati

339 2297 486 2347 foliosi,
510 2300 648 2340 caules
668 2299 836 2341 floriferi
864 2300 1140 2352 pubescentes
1168 2299 1220 2340 ad
1246 2300 1430 2341 medium
1457 2311 1588 2352 usque.
1613 2298 1762 2340 foliosi.
1790 2298 1907 2339 Folia

338 2352 614 2393 crassiuscula
635 2364 762 2404 supra
781 2352 929 2405 glabra
948 2353 1096 2394 subtus
1117 2356 1160 2394 et
1179 2353 1368 2404 margine
1384 2353 1479 2405 pilis
1499 2351 1732 2393 articulatis
1752 2351 1903 2393 obsita.

233 2493 324 2538 717,
358 2490 410 2531 C.
435 2491 670 2540 Kasbek‚
692 2490 801 2532 adde
822 2503 830 2531 :

395 2579 489 2614 Hab.
517 2581 552 2614 in
579 2581 724 2615 summis
752 2580 895 2624 alpibus
922 2581 1074 2615 Caucasi
1096 2580 1282 2615 orientalis
1299 2581 1335 2615 in
1364 2580 1571 2615 Chewsuria
1600 2584 1636 2615 et
1654 2579 1907 2623 Daghestania

352 2637 534 2670 nunquam
552 2627 586 2661 in
603 2627 778 2661 calcareis
796 2629 961 2661 9-12000'
979 2628 1105 2672 (Rupr.
1118 2627 1151 2672 !).

397 2690 454 2724 Ab
473 2689 644 2725 affinibus
661 2690 757 2725 foliis
777 2690 963 2734 petiolatis
979 2695 1014 2726 et
1028 2690 1223 2726 seminibus
1240 2689 1391 2725 laevibus
1411 2689 1716 2734 distinguendum.

232 2820 783 2914 717,tCiplg;=1huricum,
814 2819 922 2860 adde
949 2830 1039 2871 syn.
1073 2831 1082 2859 :
1115 2818 1156 2861 C.
1188 2817 1494 2872 amplexicaule
1523 2817 1631 2860 Sims
1658 2817 1755 2859 Bot.
1786 2817 1903 2870 Mag.

361 2905 370 2913 .
427 2886 436 2913 s
501 2904 510 2913 .

396 2961 490 2995 Hah.
510 2961 546 2995 in
563 2961 710 3004 regione
731 2961 856 3005 alpina
875 2961 980 2995 Ponti
1000 2961 1123 2996 Lazici
1142 2971 1253 3004 supra
1273 2960 1399 3004 Djimil
1419 2962 1522 2994 7200'
1543 2959 1635 3003 (Bal.
1648 2959 1682 3004 1),
1702 2960 1737 2994 in
1757 2959 1905 3004 regione

352 3009 518 3043 silvatica
536 3013 572 3043 et
589 3007 782 3052 subalpina
802 3008 912 3043 totius
933 3008 1083 3043 Caucasi
1102 3009 1303 3052 praesertim
1326 3008 1419 3042 inter
1436 3009 1538 3042 4800'
1556 3011 1592 3042 et
1607 3005 1709 3042 7500‘
1727 3006 1855 3051 (Rupr.
1869 3007 1904 3050 !).
