<?xml version="1.0" encoding="UTF-8"?>
<!DOCTYPE html PUBLIC "-//W3C//DTD XHTML 1.0 Transitional//EN"
    "http://www.w3.org/TR/xhtml1/DTD/xhtml1-transitional.dtd">
<html xmlns="http://www.w3.org/1999/xhtml" xml:lang="en" lang="en">
 <head>
  <title>
</title>
<meta http-equiv="Content-Type" content="text/html;charset=utf-8" />
  <meta name='ocr-system' content='tesseract 3.04.00' />
  <meta name='ocr-capabilities' content='ocr_page ocr_carea ocr_par ocr_line ocrx_word'/>
</head>
<body>
  <div class='ocr_page' id='page_1' title='image "./floraorientaliss00bois/floraorientaliss00bois_0118.png"; bbox 0 0 2094 3351; ppageno 0'>
   <div class='ocr_carea' id='block_1_1' title="bbox 198 243 1887 2969">
    <p class='ocr_par' dir='ltr' id='par_1_1' title="bbox 205 243 1886 923">
     <span class='ocr_line' id='line_1_1' title="bbox 211 243 1882 280; baseline 0.001 -2"><span class='ocrx_word' id='word_1_1' title='bbox 211 243 258 279; x_wconf 85' lang='lat'>76</span> <span class='ocrx_word' id='word_1_2' title='bbox 969 255 1143 280; x_wconf 68' lang='lat' dir='ltr'>fflLENEAE.</span> <span class='ocrx_word' id='word_1_3' title='bbox 1694 244 1882 279; x_wconf 72' lang='lat' dir='ltr'>manchus.</span> 
     </span>
     <span class='ocr_line' id='line_1_2' title="bbox 667 436 1438 476; baseline 0.001 -1"><span class='ocrx_word' id='word_1_4' title='bbox 667 436 876 476; x_wconf 62' lang='lat' dir='ltr'>0131)ss</span> <span class='ocrx_word' id='word_1_5' title='bbox 919 437 1058 476; x_wconf 74' lang='lat' dir='ltr'><strong>XII.</strong></span> <span class='ocrx_word' id='word_1_6' title='bbox 1099 437 1438 476; x_wconf 78' lang='lat' dir='ltr'><strong>SILENEAE</strong></span> 
     </span>
     <span class='ocr_line' id='line_1_3' title="bbox 227 561 297 594; baseline 0 -7"><span class='ocrx_word' id='word_1_7' title='bbox 227 561 297 594; x_wconf 78' lang='lat' dir='ltr'>Pag.</span> 
     </span>
     <span class='ocr_line' id='line_1_4' title="bbox 206 613 1180 664; baseline 0.001 -11"><span class='ocrx_word' id='word_1_8' title='bbox 206 616 301 659; x_wconf 76' lang='grc'>432,</span> <span class='ocrx_word' id='word_1_9' title='bbox 336 613 605 654; x_wconf 84' lang='lat' dir='ltr'>Dianthus</span> <span class='ocrx_word' id='word_1_10' title='bbox 627 614 1016 664; x_wconf 83' lang='lat' dir='ltr'>tripunctatus,</span> <span class='ocrx_word' id='word_1_11' title='bbox 1040 613 1148 655; x_wconf 84' lang='lat' dir='ltr'>adde</span> <span class='ocrx_word' id='word_1_12' title='bbox 1172 627 1180 654; x_wconf 80' lang='lat' dir='ltr'><em>z</em></span> 
     </span>
     <span class='ocr_line' id='line_1_5' title="bbox 347 699 1886 752; baseline 0.001 -20"><span class='ocrx_word' id='word_1_13' title='bbox 347 747 353 752; x_wconf 41' lang='grc'>.</span> <span class='ocrx_word' id='word_1_14' title='bbox 375 699 466 733; x_wconf 85' lang='lat' dir='ltr'>Hab.</span> <span class='ocrx_word' id='word_1_15' title='bbox 489 699 524 733; x_wconf 92' lang='lat' dir='ltr'>in</span> <span class='ocrx_word' id='word_1_16' title='bbox 544 699 663 733; x_wconf 79' lang='lat' dir='ltr'>insula</span> <span class='ocrx_word' id='word_1_17' title='bbox 689 701 779 743; x_wconf 74' lang='lat' dir='ltr'>Syra</span> <span class='ocrx_word' id='word_1_18' title='bbox 805 700 982 740; x_wconf 74' lang='lat' dir='ltr'>(Weissl).</span> <span class='ocrx_word' id='word_1_19' title='bbox 1010 700 1101 744; x_wconf 88' lang='lat' dir='ltr'>Ejus</span> <span class='ocrx_word' id='word_1_20' title='bbox 1127 710 1212 735; x_wconf 89' lang='lat' dir='ltr'>arca</span> <span class='ocrx_word' id='word_1_21' title='bbox 1241 700 1486 744; x_wconf 84' lang='lat' dir='ltr'>geographica</span> <span class='ocrx_word' id='word_1_22' title='bbox 1516 700 1701 744; x_wconf 86' lang='lat' dir='ltr'>Algeriam</span> <span class='ocrx_word' id='word_1_23' title='bbox 1727 700 1886 744; x_wconf 85' lang='lat' dir='ltr'>amplec-</span> 
     </span>
     <span class='ocr_line' id='line_1_6' title="bbox 328 752 427 780; baseline -0.01 0"><span class='ocrx_word' id='word_1_24' title='bbox 328 752 427 780; x_wconf 76' lang='lat' dir='ltr'>titur.</span> 
     </span>
     <span class='ocr_line' id='line_1_7' title="bbox 205 872 722 923; baseline 0 -10"><span class='ocrx_word' id='word_1_25' title='bbox 205 876 301 921; x_wconf 63' lang='lat'>482,</span> <span class='ocrx_word' id='word_1_26' title='bbox 336 873 395 912; x_wconf 92' lang='lat' dir='ltr'>D.</span> <span class='ocrx_word' id='word_1_27' title='bbox 418 873 560 923; x_wconf 86' lang='lat' dir='ltr'>Cyri,</span> <span class='ocrx_word' id='word_1_28' title='bbox 583 872 691 913; x_wconf 85' lang='lat' dir='ltr'>adde</span> <span class='ocrx_word' id='word_1_29' title='bbox 714 885 722 912; x_wconf 89' lang='lat'><strong>:</strong></span> 
     </span>
    </p>

    <p class='ocr_par' dir='ltr' id='par_1_2' title="bbox 328 961 1884 1099">
     <span class='ocr_line' id='line_1_8' title="bbox 374 961 1884 1006; baseline 0.002 -12"><span class='ocrx_word' id='word_1_30' title='bbox 374 961 468 995; x_wconf 78' lang='lat' dir='ltr'>Hal).</span> <span class='ocrx_word' id='word_1_31' title='bbox 501 961 546 995; x_wconf 87' lang='lat' dir='ltr'>ad</span> <span class='ocrx_word' id='word_1_32' title='bbox 573 961 638 995; x_wconf 88' lang='lat' dir='ltr'>Tel</span> <span class='ocrx_word' id='word_1_33' title='bbox 669 961 701 995; x_wconf 91' lang='lat' dir='ltr'>el</span> <span class='ocrx_word' id='word_1_34' title='bbox 736 961 849 996; x_wconf 88' lang='lat' dir='ltr'>Kebir</span> <span class='ocrx_word' id='word_1_35' title='bbox 877 962 1028 1006; x_wconf 79' lang='lat' dir='ltr'>AEgypti</span> <span class='ocrx_word' id='word_1_36' title='bbox 1057 962 1238 997; x_wconf 87' lang='lat' dir='ltr'>inferioris</span> <span class='ocrx_word' id='word_1_37' title='bbox 1263 963 1510 1006; x_wconf 73' lang='lat' dir='ltr'>(Schweinf.!l‚</span> <span class='ocrx_word' id='word_1_38' title='bbox 1538 964 1574 998; x_wconf 87' lang='lat' dir='ltr'>in</span> <span class='ocrx_word' id='word_1_39' title='bbox 1603 964 1710 998; x_wconf 90' lang='lat' dir='ltr'>cultis</span> <span class='ocrx_word' id='word_1_40' title='bbox 1739 964 1884 999; x_wconf 86' lang='lat' dir='ltr'>Oasium</span> 
     </span>
     <span class='ocr_line' id='line_1_9' title="bbox 330 1008 1884 1054; baseline 0.003 -13"><span class='ocrx_word' id='word_1_41' title='bbox 330 1008 464 1042; x_wconf 81' lang='lat' dir='ltr'>deserti</span> <span class='ocrx_word' id='word_1_42' title='bbox 479 1008 614 1052; x_wconf 82' lang='lat' dir='ltr'>Libyci,</span> <span class='ocrx_word' id='word_1_43' title='bbox 630 1008 733 1043; x_wconf 81' lang='lat' dir='ltr'>Oasis</span> <span class='ocrx_word' id='word_1_44' title='bbox 751 1019 890 1053; x_wconf 71' lang='lat' dir='ltr'>magnae</span> <span class='ocrx_word' id='word_1_45' title='bbox 907 1009 954 1043; x_wconf 84' lang='lat' dir='ltr'>ad</span> <span class='ocrx_word' id='word_1_46' title='bbox 972 1010 1329 1053; x_wconf 71' lang='lat' dir='ltr'>1)J&#39;an(schweinf.!)‚</span> <span class='ocrx_word' id='word_1_47' title='bbox 1347 1011 1450 1045; x_wconf 85' lang='lat' dir='ltr'>Oasis</span> <span class='ocrx_word' id='word_1_48' title='bbox 1467 1021 1590 1054; x_wconf 77' lang='lat' dir='ltr'>parvae</span> <span class='ocrx_word' id='word_1_49' title='bbox 1611 1011 1656 1045; x_wconf 89' lang='lat' dir='ltr'>ad</span> <span class='ocrx_word' id='word_1_50' title='bbox 1675 1011 1718 1045; x_wconf 86' lang='lat' dir='ltr'>El</span> <span class='ocrx_word' id='word_1_51' title='bbox 1737 1011 1831 1045; x_wconf 86' lang='lat' dir='ltr'>Kasr</span> <span class='ocrx_word' id='word_1_52' title='bbox 1850 1018 1884 1045; x_wconf 89' lang='lat' dir='ltr'>et</span> 
     </span>
     <span class='ocr_line' id='line_1_10' title="bbox 328 1055 807 1099; baseline 0.002 -11"><span class='ocrx_word' id='word_1_53' title='bbox 328 1055 423 1089; x_wconf 84' lang='lat' dir='ltr'>Kasr</span> <span class='ocrx_word' id='word_1_54' title='bbox 441 1056 558 1089; x_wconf 86' lang='lat' dir='ltr'>Dachl</span> <span class='ocrx_word' id='word_1_55' title='bbox 581 1056 763 1098; x_wconf 69' lang='lat' dir='ltr'>(Ast-hers.</span> <span class='ocrx_word' id='word_1_56' title='bbox 775 1058 807 1099; x_wconf 74' lang='lat'>‘!).</span> 
     </span>
    </p>

    <p class='ocr_par' dir='ltr' id='par_1_3' title="bbox 206 1182 1051 1233">
     <span class='ocr_line' id='line_1_11' title="bbox 206 1182 1051 1233; baseline 0.001 -10"><span class='ocrx_word' id='word_1_57' title='bbox 206 1185 302 1230; x_wconf 77' lang='grc'>482,</span> <span class='ocrx_word' id='word_1_58' title='bbox 337 1184 395 1222; x_wconf 93' lang='lat' dir='ltr'>D.</span> <span class='ocrx_word' id='word_1_59' title='bbox 418 1183 890 1233; x_wconf 82' lang='lat' dir='ltr'>multipunctatus,</span> <span class='ocrx_word' id='word_1_60' title='bbox 914 1182 1021 1224; x_wconf 86' lang='lat' dir='ltr'>adde</span> <span class='ocrx_word' id='word_1_61' title='bbox 1044 1196 1051 1224; x_wconf 92' lang='lat'>:</span> 
     </span>
    </p>

    <p class='ocr_par' dir='ltr' id='par_1_4' title="bbox 328 1269 1879 1405">
     <span class='ocr_line' id='line_1_12' title="bbox 377 1269 1877 1316; baseline 0.003 -14"><span class='ocrx_word' id='word_1_62' title='bbox 377 1269 469 1303; x_wconf 85' lang='lat' dir='ltr'>Hab.</span> <span class='ocrx_word' id='word_1_63' title='bbox 496 1270 531 1303; x_wconf 90' lang='lat' dir='ltr'>in</span> <span class='ocrx_word' id='word_1_64' title='bbox 560 1270 739 1304; x_wconf 88' lang='lat' dir='ltr'>montibus</span> <span class='ocrx_word' id='word_1_65' title='bbox 766 1270 874 1314; x_wconf 83' lang='lat' dir='ltr'>Cypri</span> <span class='ocrx_word' id='word_1_66' title='bbox 899 1281 1013 1314; x_wconf 86' lang='lat' dir='ltr'>prope</span> <span class='ocrx_word' id='word_1_67' title='bbox 1038 1270 1213 1315; x_wconf 74' lang='lat' dir='ltr'>Kythraea</span> <span class='ocrx_word' id='word_1_68' title='bbox 1235 1271 1335 1315; x_wconf 82' lang='lat' dir='ltr'>(Sint.</span> <span class='ocrx_word' id='word_1_69' title='bbox 1363 1276 1398 1306; x_wconf 84' lang='lat' dir='ltr'>et</span> <span class='ocrx_word' id='word_1_70' title='bbox 1422 1272 1567 1316; x_wconf 73' lang='lat' dir='ltr'>Rigo!);</span> <span class='ocrx_word' id='word_1_71' title='bbox 1595 1271 1622 1310; x_wconf 80' lang='grc' dir='ltr'>β.</span> <span class='ocrx_word' id='word_1_72' title='bbox 1647 1273 1816 1316; x_wconf 69' lang='lat' dir='ltr'>yracilior</span> <span class='ocrx_word' id='word_1_73' title='bbox 1842 1273 1877 1306; x_wconf 87' lang='lat' dir='ltr'>in</span> 
     </span>
     <span class='ocr_line' id='line_1_13' title="bbox 328 1316 1879 1405; baseline 0.003 -56"><span class='ocrx_word' id='word_1_74' title='bbox 328 1316 646 1405; x_wconf 37' lang='lat' dir='ltr'>(Cfillgfiisslgl&#39;gachea</span> <span class='ocrx_word' id='word_1_75' title='bbox 671 1327 785 1360; x_wconf 86' lang='lat' dir='ltr'>prope</span> <span class='ocrx_word' id='word_1_76' title='bbox 811 1317 957 1351; x_wconf 85' lang='lat' dir='ltr'>Genova</span> <span class='ocrx_word' id='word_1_77' title='bbox 987 1318 1111 1361; x_wconf 57' lang='grc' dir='ltr'>(ΝΗ)</span> <span class='ocrx_word' id='word_1_78' title='bbox 1143 1324 1179 1352; x_wconf 84' lang='lat' dir='ltr'>et</span> <span class='ocrx_word' id='word_1_79' title='bbox 1201 1319 1236 1352; x_wconf 90' lang='lat' dir='ltr'>in</span> <span class='ocrx_word' id='word_1_80' title='bbox 1266 1318 1408 1353; x_wconf 89' lang='lat' dir='ltr'>deserto</span> <span class='ocrx_word' id='word_1_81' title='bbox 1434 1318 1586 1353; x_wconf 89' lang='lat' dir='ltr'>Khabur</span> <span class='ocrx_word' id='word_1_82' title='bbox 1606 1320 1879 1363; x_wconf 84' lang='lat' dir='ltr'>Mesopotamiae</span> 
     </span>
    </p>

    <p class='ocr_par' dir='ltr' id='par_1_5' title="bbox 328 1426 1876 1508">
     <span class='ocr_line' id='line_1_14' title="bbox 375 1426 1876 1474; baseline 0.003 -15"><span class='ocrx_word' id='word_1_83' title='bbox 375 1426 462 1459; x_wconf 76' lang='lat' dir='ltr'>Haec</span> <span class='ocrx_word' id='word_1_84' title='bbox 479 1427 617 1469; x_wconf 86' lang='lat' dir='ltr'>species</span> <span class='ocrx_word' id='word_1_85' title='bbox 637 1427 753 1460; x_wconf 88' lang='lat' dir='ltr'>variat</span> <span class='ocrx_word' id='word_1_86' title='bbox 769 1426 898 1470; x_wconf 88' lang='lat' dir='ltr'>glabra</span> <span class='ocrx_word' id='word_1_87' title='bbox 920 1432 954 1461; x_wconf 88' lang='lat' dir='ltr'>et</span> <span class='ocrx_word' id='word_1_88' title='bbox 974 1428 1010 1461; x_wconf 89' lang='lat' dir='ltr'>in</span> <span class='ocrx_word' id='word_1_89' title='bbox 1032 1428 1228 1462; x_wconf 76' lang='lat' dir='ltr'>Palaestina</span> <span class='ocrx_word' id='word_1_90' title='bbox 1247 1429 1341 1463; x_wconf 84' lang='lat' dir='ltr'>inter</span> <span class='ocrx_word' id='word_1_91' title='bbox 1360 1429 1648 1474; x_wconf 86' lang='lat' dir='ltr'>Hierosolymam</span> <span class='ocrx_word' id='word_1_92' title='bbox 1669 1435 1704 1464; x_wconf 86' lang='lat' dir='ltr'>et</span> <span class='ocrx_word' id='word_1_93' title='bbox 1730 1429 1876 1464; x_wconf 87' lang='lat' dir='ltr'>Jericho</span> 
     </span>
     <span class='ocr_line' id='line_1_15' title="bbox 328 1473 952 1508; baseline 0.003 -2"><span class='ocrx_word' id='word_1_94' title='bbox 328 1478 367 1506; x_wconf 86' lang='lat' dir='ltr'>ut</span> <span class='ocrx_word' id='word_1_95' title='bbox 385 1479 419 1507; x_wconf 88' lang='lat' dir='ltr'>et</span> <span class='ocrx_word' id='word_1_96' title='bbox 437 1473 471 1506; x_wconf 92' lang='lat' dir='ltr'>in</span> <span class='ocrx_word' id='word_1_97' title='bbox 491 1473 627 1506; x_wconf 84' lang='lat' dir='ltr'>Libano</span> <span class='ocrx_word' id='word_1_98' title='bbox 648 1473 764 1507; x_wconf 88' lang='lat' dir='ltr'>medio</span> <span class='ocrx_word' id='word_1_99' title='bbox 783 1474 952 1508; x_wconf 85' lang='lat' dir='ltr'>velutina.</span> 
     </span>
    </p>

    <p class='ocr_par' dir='ltr' id='par_1_6' title="bbox 327 1520 1885 1743">
     <span class='ocr_line' id='line_1_16' title="bbox 377 1520 1882 1565; baseline 0.003 -12"><span class='ocrx_word' id='word_1_100' title='bbox 377 1520 429 1554; x_wconf 89' lang='lat' dir='ltr'>Cl.</span> <span class='ocrx_word' id='word_1_101' title='bbox 463 1526 497 1553; x_wconf 86' lang='lat' dir='ltr'>et</span> <span class='ocrx_word' id='word_1_102' title='bbox 531 1530 600 1553; x_wconf 87' lang='lat' dir='ltr'>am.</span> <span class='ocrx_word' id='word_1_103' title='bbox 636 1520 796 1554; x_wconf 84' lang='lat' dir='ltr'>Blanche</span> <span class='ocrx_word' id='word_1_104' title='bbox 822 1521 857 1554; x_wconf 90' lang='lat' dir='ltr'>in</span> <span class='ocrx_word' id='word_1_105' title='bbox 889 1521 957 1554; x_wconf 90' lang='lat' dir='ltr'>litt.</span> <span class='ocrx_word' id='word_1_106' title='bbox 985 1532 1060 1555; x_wconf 85' lang='lat' dir='ltr'>var.</span> <span class='ocrx_word' id='word_1_107' title='bbox 1084 1533 1115 1564; x_wconf 78' lang='grc' dir='ltr'>γ.</span> <span class='ocrx_word' id='word_1_108' title='bbox 1139 1522 1371 1565; x_wconf 69' lang='lat' dir='ltr'>aoeillisloram</span> <span class='ocrx_word' id='word_1_109' title='bbox 1403 1522 1447 1556; x_wconf 88' lang='lat' dir='ltr'>ob</span> <span class='ocrx_word' id='word_1_110' title='bbox 1477 1522 1584 1557; x_wconf 86' lang='lat' dir='ltr'>flores</span> <span class='ocrx_word' id='word_1_111' title='bbox 1608 1522 1819 1557; x_wconf 86' lang='lat' dir='ltr'>subsessiles</span> <span class='ocrx_word' id='word_1_112' title='bbox 1847 1528 1882 1557; x_wconf 88' lang='lat' dir='ltr'>et</span> 
     </span>
     <span class='ocr_line' id='line_1_17' title="bbox 327 1567 1883 1614; baseline 0.003 -15"><span class='ocrx_word' id='word_1_113' title='bbox 327 1577 513 1609; x_wconf 90' lang='lat' dir='ltr'>supremos</span> <span class='ocrx_word' id='word_1_114' title='bbox 534 1567 568 1600; x_wconf 91' lang='lat' dir='ltr'>in</span> <span class='ocrx_word' id='word_1_115' title='bbox 592 1568 694 1610; x_wconf 84' lang='lat' dir='ltr'>apice</span> <span class='ocrx_word' id='word_1_116' title='bbox 723 1567 836 1601; x_wconf 85' lang='lat' dir='ltr'>caulis</span> <span class='ocrx_word' id='word_1_117' title='bbox 865 1567 1110 1611; x_wconf 75' lang='lat' dir='ltr'>fasciculatos‚</span> <span class='ocrx_word' id='word_1_118' title='bbox 1136 1579 1303 1612; x_wconf 89' lang='lat' dir='ltr'>squamas</span> <span class='ocrx_word' id='word_1_119' title='bbox 1324 1569 1505 1614; x_wconf 88' lang='lat' dir='ltr'>calycinas</span> <span class='ocrx_word' id='word_1_120' title='bbox 1532 1570 1653 1614; x_wconf 90' lang='lat' dir='ltr'>plures</span> <span class='ocrx_word' id='word_1_121' title='bbox 1679 1571 1815 1612; x_wconf 83' lang='lat'>(12-16)</span> <span class='ocrx_word' id='word_1_122' title='bbox 1837 1570 1883 1603; x_wconf 89' lang='lat' dir='ltr'>ab</span> 
     </span>
     <span class='ocr_line' id='line_1_18' title="bbox 327 1613 1885 1661; baseline 0.003 -14"><span class='ocrx_word' id='word_1_123' title='bbox 327 1613 459 1648; x_wconf 83' lang='lat' dir='ltr'>infimis</span> <span class='ocrx_word' id='word_1_124' title='bbox 483 1614 627 1647; x_wconf 89' lang='lat' dir='ltr'>minutis</span> <span class='ocrx_word' id='word_1_125' title='bbox 654 1614 698 1647; x_wconf 80' lang='lat' dir='ltr'>ad</span> <span class='ocrx_word' id='word_1_126' title='bbox 724 1615 927 1657; x_wconf 86' lang='lat' dir='ltr'>superiores</span> <span class='ocrx_word' id='word_1_127' title='bbox 953 1616 1083 1649; x_wconf 89' lang='lat' dir='ltr'>sensim</span> <span class='ocrx_word' id='word_1_128' title='bbox 1109 1622 1234 1650; x_wconf 87' lang='lat' dir='ltr'>auctas</span> <span class='ocrx_word' id='word_1_129' title='bbox 1257 1627 1321 1650; x_wconf 88' lang='lat' dir='ltr'>nec</span> <span class='ocrx_word' id='word_1_130' title='bbox 1353 1619 1495 1651; x_wconf 88' lang='lat' dir='ltr'>4-G-nas</span> <span class='ocrx_word' id='word_1_131' title='bbox 1526 1617 1819 1661; x_wconf 87' lang='lat' dir='ltr'>subaequilongas</span> <span class='ocrx_word' id='word_1_132' title='bbox 1846 1623 1885 1650; x_wconf 88' lang='lat' dir='ltr'>ut.</span> 
     </span>
     <span class='ocr_line' id='line_1_19' title="bbox 328 1661 1885 1707; baseline 0.002 -13"><span class='ocrx_word' id='word_1_133' title='bbox 328 1661 483 1704; x_wconf 87' lang='lat' dir='ltr'>speciem</span> <span class='ocrx_word' id='word_1_134' title='bbox 502 1661 686 1704; x_wconf 87' lang='lat' dir='ltr'>propriam</span> <span class='ocrx_word' id='word_1_135' title='bbox 708 1662 968 1696; x_wconf 85' lang='lat' dir='ltr'>restituendam</span> <span class='ocrx_word' id='word_1_136' title='bbox 990 1673 1067 1698; x_wconf 90' lang='lat' dir='ltr'>esse</span> <span class='ocrx_word' id='word_1_137' title='bbox 1087 1668 1261 1707; x_wconf 86' lang='lat' dir='ltr'>autumat,</span> <span class='ocrx_word' id='word_1_138' title='bbox 1282 1663 1345 1698; x_wconf 87' lang='lat' dir='ltr'>sed</span> <span class='ocrx_word' id='word_1_139' title='bbox 1365 1663 1490 1698; x_wconf 81' lang='lat' dir='ltr'>formae</span> <span class='ocrx_word' id='word_1_140' title='bbox 1511 1664 1732 1698; x_wconf 82' lang='lat' dir='ltr'>intermediae</span> <span class='ocrx_word' id='word_1_141' title='bbox 1753 1663 1885 1699; x_wconf 87' lang='lat' dir='ltr'>adsunt</span> 
     </span>
     <span class='ocr_line' id='line_1_20' title="bbox 328 1708 880 1743; baseline -0.002 0"><span class='ocrx_word' id='word_1_142' title='bbox 328 1714 364 1743; x_wconf 87' lang='lat' dir='ltr'>et</span> <span class='ocrx_word' id='word_1_143' title='bbox 382 1719 440 1743; x_wconf 86' lang='lat' dir='ltr'>res</span> <span class='ocrx_word' id='word_1_144' title='bbox 462 1708 613 1742; x_wconf 87' lang='lat' dir='ltr'>ulterius</span> <span class='ocrx_word' id='word_1_145' title='bbox 635 1708 880 1742; x_wconf 80' lang='lat' dir='ltr'>observanda.</span> 
     </span>
    </p>

    <p class='ocr_par' dir='ltr' id='par_1_7' title="bbox 202 1833 1639 2096">
     <span class='ocr_line' id='line_1_21' title="bbox 203 1833 888 1883; baseline 0.001 -8"><span class='ocrx_word' id='word_1_146' title='bbox 203 1837 300 1883; x_wconf 82' lang='grc'>485,</span> <span class='ocrx_word' id='word_1_147' title='bbox 332 1835 389 1874; x_wconf 94' lang='lat' dir='ltr'>D.</span> <span class='ocrx_word' id='word_1_148' title='bbox 413 1834 725 1882; x_wconf 76' lang='lat' dir='ltr'>lactiflorus‚</span> <span class='ocrx_word' id='word_1_149' title='bbox 749 1833 856 1875; x_wconf 86' lang='lat' dir='ltr'>adde</span> <span class='ocrx_word' id='word_1_150' title='bbox 881 1848 888 1876; x_wconf 89' lang='lat'>:</span> 
     </span>
     <span class='ocr_line' id='line_1_22' title="bbox 375 1922 1639 1969; baseline 0.002 -12"><span class='ocrx_word' id='word_1_151' title='bbox 375 1922 468 1957; x_wconf 90' lang='lat' dir='ltr'>Hab.</span> <span class='ocrx_word' id='word_1_152' title='bbox 486 1923 521 1957; x_wconf 92' lang='lat' dir='ltr'>in</span> <span class='ocrx_word' id='word_1_153' title='bbox 539 1923 712 1957; x_wconf 84' lang='lat' dir='ltr'>silvaticis</span> <span class='ocrx_word' id='word_1_154' title='bbox 731 1933 841 1966; x_wconf 87' lang='lat' dir='ltr'>supra</span> <span class='ocrx_word' id='word_1_155' title='bbox 860 1922 1003 1957; x_wconf 90' lang='lat' dir='ltr'>Hassan</span> <span class='ocrx_word' id='word_1_156' title='bbox 1022 1923 1157 1968; x_wconf 86' lang='lat' dir='ltr'>Beyley</span> <span class='ocrx_word' id='word_1_157' title='bbox 1177 1925 1286 1969; x_wconf 78' lang='lat' dir='ltr'>Syriae</span> <span class='ocrx_word' id='word_1_158' title='bbox 1307 1924 1465 1959; x_wconf 88' lang='lat' dir='ltr'>borealis</span> <span class='ocrx_word' id='word_1_159' title='bbox 1488 1925 1589 1966; x_wconf 84' lang='lat' dir='ltr'>(Post</span> <span class='ocrx_word' id='word_1_160' title='bbox 1604 1926 1639 1969; x_wconf 82' lang='lat'>!).</span> 
     </span>
     <span class='ocr_line' id='line_1_23' title="bbox 202 2048 924 2096; baseline 0.001 -8"><span class='ocrx_word' id='word_1_161' title='bbox 202 2050 299 2096; x_wconf 77' lang='grc'>487,</span> <span class='ocrx_word' id='word_1_162' title='bbox 334 2049 393 2088; x_wconf 91' lang='lat' dir='ltr'>D.</span> <span class='ocrx_word' id='word_1_163' title='bbox 418 2048 889 2089; x_wconf 83' lang='lat' dir='ltr'>Liboschitzianus</span> <span class='ocrx_word' id='word_1_164' title='bbox 914 2060 924 2089; x_wconf 74' lang='grc' dir='ltr'>ε</span> 
     </span>
    </p>

    <p class='ocr_par' dir='ltr' id='par_1_8' title="bbox 330 2138 1882 2230">
     <span class='ocr_line' id='line_1_24' title="bbox 374 2138 1882 2185; baseline 0.003 -14"><span class='ocrx_word' id='word_1_165' title='bbox 374 2138 429 2171; x_wconf 88' lang='lat' dir='ltr'>Ex</span> <span class='ocrx_word' id='word_1_166' title='bbox 446 2138 487 2172; x_wconf 94' lang='lat' dir='ltr'>cl.</span> <span class='ocrx_word' id='word_1_167' title='bbox 501 2138 689 2181; x_wconf 85' lang='lat' dir='ltr'>Ruprecht</span> <span class='ocrx_word' id='word_1_168' title='bbox 704 2138 786 2172; x_wconf 85' lang='lat' dir='ltr'>huic</span> <span class='ocrx_word' id='word_1_169' title='bbox 808 2138 941 2181; x_wconf 87' lang='lat' dir='ltr'>speciei</span> <span class='ocrx_word' id='word_1_170' title='bbox 960 2147 1088 2172; x_wconf 89' lang='lat' dir='ltr'>nomen</span> <span class='ocrx_word' id='word_1_171' title='bbox 1102 2139 1284 2182; x_wconf 85' lang='lat' dir='ltr'>antiquius</span> <span class='ocrx_word' id='word_1_172' title='bbox 1299 2139 1346 2173; x_wconf 90' lang='lat' dir='ltr'>D.</span> <span class='ocrx_word' id='word_1_173' title='bbox 1360 2143 1516 2183; x_wconf 75' lang='lat' dir='ltr'>petraeus</span> <span class='ocrx_word' id='word_1_174' title='bbox 1533 2140 1624 2174; x_wconf 91' lang='lat' dir='ltr'>M.B.</span> <span class='ocrx_word' id='word_1_175' title='bbox 1639 2140 1882 2185; x_wconf 86' lang='lat' dir='ltr'>tribuendum,</span> 
     </span>
     <span class='ocr_line' id='line_1_25' title="bbox 330 2184 1454 2230; baseline 0.002 -11"><span class='ocrx_word' id='word_1_176' title='bbox 330 2184 393 2220; x_wconf 87' lang='lat' dir='ltr'>sed</span> <span class='ocrx_word' id='word_1_177' title='bbox 413 2185 535 2219; x_wconf 87' lang='lat' dir='ltr'>obstat</span> <span class='ocrx_word' id='word_1_178' title='bbox 555 2185 717 2219; x_wconf 88' lang='lat' dir='ltr'>confusio</span> <span class='ocrx_word' id='word_1_179' title='bbox 738 2197 816 2219; x_wconf 88' lang='lat' dir='ltr'>cum</span> <span class='ocrx_word' id='word_1_180' title='bbox 837 2186 956 2228; x_wconf 82' lang='lat' dir='ltr'>specie</span> <span class='ocrx_word' id='word_1_181' title='bbox 977 2185 1191 2230; x_wconf 75' lang='lat' dir='ltr'>homonyma</span> <span class='ocrx_word' id='word_1_182' title='bbox 1213 2186 1454 2221; x_wconf 87' lang='lat' dir='ltr'>Waldsteinii.</span> 
     </span>
    </p>

    <p class='ocr_par' dir='ltr' id='par_1_9' title="bbox 326 2249 1885 2388">
     <span class='ocr_line' id='line_1_26' title="bbox 374 2249 1885 2296; baseline 0.003 -13"><span class='ocrx_word' id='word_1_183' title='bbox 374 2249 467 2283; x_wconf 90' lang='lat' dir='ltr'>Hab.</span> <span class='ocrx_word' id='word_1_184' title='bbox 493 2251 528 2284; x_wconf 90' lang='lat' dir='ltr'>in</span> <span class='ocrx_word' id='word_1_185' title='bbox 551 2255 627 2284; x_wconf 89' lang='lat' dir='ltr'>toto</span> <span class='ocrx_word' id='word_1_186' title='bbox 659 2251 819 2285; x_wconf 86' lang='lat' dir='ltr'>Caucaso</span> <span class='ocrx_word' id='word_1_187' title='bbox 844 2250 999 2284; x_wconf 86' lang='lat' dir='ltr'>centrali</span> <span class='ocrx_word' id='word_1_188' title='bbox 1023 2252 1236 2284; x_wconf 83' lang='lat'>5500-7200&#39;</span> <span class='ocrx_word' id='word_1_189' title='bbox 1254 2250 1435 2285; x_wconf 89' lang='lat' dir='ltr'>interdum</span> <span class='ocrx_word' id='word_1_190' title='bbox 1460 2251 1506 2285; x_wconf 90' lang='lat' dir='ltr'>ad</span> <span class='ocrx_word' id='word_1_191' title='bbox 1530 2253 1634 2286; x_wconf 84' lang='lat'>3500‘</span> <span class='ocrx_word' id='word_1_192' title='bbox 1650 2251 1885 2296; x_wconf 87' lang='lat' dir='ltr'>descendens,</span> 
     </span>
     <span class='ocr_line' id='line_1_27' title="bbox 326 2297 1885 2341; baseline 0.003 -11"><span class='ocrx_word' id='word_1_193' title='bbox 326 2297 363 2330; x_wconf 91' lang='lat' dir='ltr'>in</span> <span class='ocrx_word' id='word_1_194' title='bbox 376 2298 546 2333; x_wconf 80' lang='lat' dir='ltr'>,Caucaso</span> <span class='ocrx_word' id='word_1_195' title='bbox 567 2298 734 2332; x_wconf 88' lang='lat' dir='ltr'>orientali</span> <span class='ocrx_word' id='word_1_196' title='bbox 760 2299 972 2332; x_wconf 78' lang='lat'>4200-7800‘</span> <span class='ocrx_word' id='word_1_197' title='bbox 993 2297 1146 2341; x_wconf 87' lang='lat' dir='ltr'>(Rupr.).</span> <span class='ocrx_word' id='word_1_198' title='bbox 1168 2297 1254 2332; x_wconf 89' lang='lat' dir='ltr'>Var.</span> <span class='ocrx_word' id='word_1_199' title='bbox 1277 2309 1307 2340; x_wconf 82' lang='grc' dir='ltr'>γ.</span> <span class='ocrx_word' id='word_1_200' title='bbox 1326 2299 1543 2333; x_wconf 74' lang='lat' dir='ltr'>multicaulis</span> <span class='ocrx_word' id='word_1_201' title='bbox 1561 2299 1597 2333; x_wconf 90' lang='lat' dir='ltr'>in</span> <span class='ocrx_word' id='word_1_202' title='bbox 1617 2299 1732 2334; x_wconf 88' lang='lat' dir='ltr'>Ponto</span> <span class='ocrx_word' id='word_1_203' title='bbox 1751 2300 1885 2335; x_wconf 89' lang='lat' dir='ltr'>Lazico</span> 
     </span>
     <span class='ocr_line' id='line_1_28' title="bbox 327 2344 862 2388; baseline 0 -10"><span class='ocrx_word' id='word_1_204' title='bbox 327 2354 437 2388; x_wconf 87' lang='lat' dir='ltr'>supra</span> <span class='ocrx_word' id='word_1_205' title='bbox 456 2344 580 2387; x_wconf 88' lang='lat' dir='ltr'>Djimil</span> <span class='ocrx_word' id='word_1_206' title='bbox 600 2346 703 2379; x_wconf 81' lang='lat'>9600&#39;</span> <span class='ocrx_word' id='word_1_207' title='bbox 724 2345 862 2386; x_wconf 79' lang='lat' dir='ltr'>(Bal.!).</span> 
     </span>
    </p>

    <p class='ocr_par' dir='ltr' id='par_1_10' title="bbox 314 2406 1887 2511">
     <span class='ocr_line' id='line_1_29' title="bbox 369 2406 1887 2461; baseline 0.001 -13"><span class='ocrx_word' id='word_1_208' title='bbox 369 2408 404 2448; x_wconf 83' lang='grc' dir='ltr'>δ.</span> <span class='ocrx_word' id='word_1_209' title='bbox 435 2406 714 2448; x_wconf 77' lang='lat' dir='ltr'>micrantlms.</span> <span class='ocrx_word' id='word_1_210' title='bbox 732 2430 783 2436; x_wconf 94' lang='lat'>—</span> <span class='ocrx_word' id='word_1_211' title='bbox 802 2406 944 2448; x_wconf 85' lang='lat' dir='ltr'>Flores</span> <span class='ocrx_word' id='word_1_212' title='bbox 966 2407 1145 2448; x_wconf 86' lang='lat' dir='ltr'>minores</span> <span class='ocrx_word' id='word_1_213' title='bbox 1165 2408 1427 2459; x_wconf 80' lang='lat' dir='ltr'>angustiores</span> <span class='ocrx_word' id='word_1_214' title='bbox 1449 2408 1585 2461; x_wconf 83' lang='lat' dir='ltr'>(calyx</span> <span class='ocrx_word' id='word_1_215' title='bbox 1605 2411 1628 2449; x_wconf 87' lang='grc'>6</span> <span class='ocrx_word' id='word_1_216' title='bbox 1648 2407 1779 2450; x_wconf 89' lang='lat' dir='ltr'>lineas</span> <span class='ocrx_word' id='word_1_217' title='bbox 1801 2409 1887 2451; x_wconf 91' lang='lat' dir='ltr'>lon-</span> 
     </span>
     <span class='ocr_line' id='line_1_30' title="bbox 314 2459 602 2511; baseline 0.003 -12"><span class='ocrx_word' id='word_1_218' title='bbox 314 2471 392 2511; x_wconf 83' lang='lat' dir='ltr'>gus</span> <span class='ocrx_word' id='word_1_219' title='bbox 413 2462 436 2500; x_wconf 87' lang='grc'>2</span> <span class='ocrx_word' id='word_1_220' title='bbox 457 2459 602 2511; x_wconf 81' lang='lat' dir='ltr'>latus).</span> 
     </span>
    </p>

    <p class='ocr_par' dir='ltr' id='par_1_11' title="bbox 325 2531 1884 2622">
     <span class='ocr_line' id='line_1_31' title="bbox 374 2531 1884 2577; baseline 0.002 -12"><span class='ocrx_word' id='word_1_221' title='bbox 374 2531 466 2565; x_wconf 88' lang='lat' dir='ltr'>IIab.</span> <span class='ocrx_word' id='word_1_222' title='bbox 487 2531 523 2564; x_wconf 89' lang='lat' dir='ltr'>in</span> <span class='ocrx_word' id='word_1_223' title='bbox 537 2532 652 2575; x_wconf 89' lang='lat' dir='ltr'>pratis</span> <span class='ocrx_word' id='word_1_224' title='bbox 672 2531 804 2575; x_wconf 87' lang='lat' dir='ltr'>alpinis</span> <span class='ocrx_word' id='word_1_225' title='bbox 824 2532 954 2566; x_wconf 87' lang='lat' dir='ltr'>montis</span> <span class='ocrx_word' id='word_1_226' title='bbox 973 2531 1289 2576; x_wconf 85' lang='lat' dir='ltr'>Bousdouandagh</span> <span class='ocrx_word' id='word_1_227' title='bbox 1310 2533 1416 2567; x_wconf 89' lang='lat' dir='ltr'>Ponti</span> <span class='ocrx_word' id='word_1_228' title='bbox 1437 2533 1556 2567; x_wconf 88' lang='lat' dir='ltr'>Lazici</span> <span class='ocrx_word' id='word_1_229' title='bbox 1576 2535 1687 2577; x_wconf 76' lang='lat' dir='ltr'>supra</span> <span class='ocrx_word' id='word_1_230' title='bbox 1716 2533 1884 2569; x_wconf 82' lang='lat' dir='ltr'>Khabac-</span> 
     </span>
     <span class='ocr_line' id='line_1_32' title="bbox 325 2578 677 2622; baseline 0 -10"><span class='ocrx_word' id='word_1_231' title='bbox 325 2578 393 2612; x_wconf 86' lang='lat' dir='ltr'>kar</span> <span class='ocrx_word' id='word_1_232' title='bbox 410 2580 514 2612; x_wconf 83' lang='lat'>7500&#39;</span> <span class='ocrx_word' id='word_1_233' title='bbox 535 2578 628 2620; x_wconf 79' lang='lat' dir='ltr'>(Bal.</span> <span class='ocrx_word' id='word_1_234' title='bbox 642 2580 677 2622; x_wconf 93' lang='lat'>!).</span> 
     </span>
    </p>

    <p class='ocr_par' dir='ltr' id='par_1_12' title="bbox 198 2705 1217 2969">
     <span class='ocr_line' id='line_1_33' title="bbox 200 2705 856 2756; baseline 0.002 -11"><span class='ocrx_word' id='word_1_235' title='bbox 200 2708 298 2753; x_wconf 77' lang='lat'>491,</span> <span class='ocrx_word' id='word_1_236' title='bbox 334 2706 392 2745; x_wconf 92' lang='lat' dir='ltr'>D.</span> <span class='ocrx_word' id='word_1_237' title='bbox 417 2706 686 2756; x_wconf 68' lang='lat' dir='ltr'>fragrans,</span> <span class='ocrx_word' id='word_1_238' title='bbox 715 2705 824 2746; x_wconf 83' lang='lat' dir='ltr'>adde</span> <span class='ocrx_word' id='word_1_239' title='bbox 849 2719 856 2745; x_wconf 77' lang='grc' dir='ltr'>ε</span> 
     </span>
     <span class='ocr_line' id='line_1_34' title="bbox 374 2793 1217 2838; baseline 0.001 -11"><span class='ocrx_word' id='word_1_240' title='bbox 374 2793 467 2827; x_wconf 86' lang='lat' dir='ltr'>IIab.</span> <span class='ocrx_word' id='word_1_241' title='bbox 483 2794 518 2827; x_wconf 92' lang='lat' dir='ltr'>in</span> <span class='ocrx_word' id='word_1_242' title='bbox 535 2793 718 2828; x_wconf 87' lang='lat' dir='ltr'>montibus</span> <span class='ocrx_word' id='word_1_243' title='bbox 737 2794 997 2838; x_wconf 80' lang='lat' dir='ltr'>Daghestaniae</span> <span class='ocrx_word' id='word_1_244' title='bbox 1018 2794 1217 2838; x_wconf 64' lang='lat' dir='ltr'>(Beckerll.</span> 
     </span>
     <span class='ocr_line' id='line_1_35' title="bbox 198 2920 875 2969; baseline 0.001 -9"><span class='ocrx_word' id='word_1_245' title='bbox 198 2922 296 2968; x_wconf 82' lang='lat'>492,</span> <span class='ocrx_word' id='word_1_246' title='bbox 323 2921 381 2960; x_wconf 93' lang='lat' dir='ltr'>D.</span> <span class='ocrx_word' id='word_1_247' title='bbox 408 2920 707 2969; x_wconf 86' lang='lat' dir='ltr'>Libanotis,</span> <span class='ocrx_word' id='word_1_248' title='bbox 733 2920 841 2961; x_wconf 83' lang='lat' dir='ltr'>adde</span> <span class='ocrx_word' id='word_1_249' title='bbox 868 2933 875 2961; x_wconf 92' lang='lat'>:</span> 
     </span>
    </p>
   </div>
   <div class='ocr_carea' id='block_1_2' title="bbox 374 3007 1654 3051">
    <p class='ocr_par' dir='ltr' id='par_1_13' title="bbox 374 3007 1654 3051">
     <span class='ocr_line' id='line_1_36' title="bbox 374 3007 1654 3051; baseline 0.001 -10"><span class='ocrx_word' id='word_1_250' title='bbox 374 3007 466 3042; x_wconf 86' lang='lat' dir='ltr'>llab.</span> <span class='ocrx_word' id='word_1_251' title='bbox 484 3008 519 3042; x_wconf 88' lang='lat' dir='ltr'>in</span> <span class='ocrx_word' id='word_1_252' title='bbox 540 3007 696 3042; x_wconf 88' lang='lat' dir='ltr'>dumosis</span> <span class='ocrx_word' id='word_1_253' title='bbox 717 3009 847 3042; x_wconf 83' lang='lat' dir='ltr'>montis</span> <span class='ocrx_word' id='word_1_254' title='bbox 866 3010 1005 3043; x_wconf 85' lang='lat' dir='ltr'>Sawers</span> <span class='ocrx_word' id='word_1_255' title='bbox 1023 3008 1157 3043; x_wconf 76' lang='lat' dir='ltr'>Persiae</span> <span class='ocrx_word' id='word_1_256' title='bbox 1178 3007 1288 3043; x_wconf 84' lang='lat' dir='ltr'>occid.</span> <span class='ocrx_word' id='word_1_257' title='bbox 1311 3010 1413 3043; x_wconf 78' lang='lat'>9000‘</span> <span class='ocrx_word' id='word_1_258' title='bbox 1435 3009 1604 3051; x_wconf 74' lang='lat' dir='ltr'>(Haussk.</span> <span class='ocrx_word' id='word_1_259' title='bbox 1619 3011 1654 3051; x_wconf 83' lang='lat'>!).</span> 
     </span>
    </p>
   </div>
  </div>
 </body>
</html>
