2094 3351
186 228 206 259 (i

203 306 270 340 Png.

213 360 276 405 27,

211 1208 275 1254 27,

209 1566 274 1612 28,

211 1908 274 1953 30,

210 2317 273 2363 31,

207 2648 271 2692 31,

861 238 1175 263 naxcscucaceffi.
1612 229 1854 264 Ranunculus.

308 362 402 408 post
424 358 481 397 R.
505 359 909 408 myosuroidem
929 360 1066 401 insere
1088 373 1096 401 :

344 443 402 482 R.
427 444 782 493 Elymaiticus
803 444 953 495 (Boiss.
982 452 1024 486 et
1043 444 1248 495 Haussk.)
1269 445 1416 497 glaber
1434 456 1583 493 nanus,
1606 443 1721 485 fibris
1744 443 1856 484 radi-

289 495 447 535 calibus
481 497 710 536 numerosis
742 496 926 537 breviter
958 497 1208 550 cylindricis,
1242 496 1349 538 foliis
1380 497 1570 538 omnibus
1604 496 1856 555 radicalibus

292 547 474 588 breviter
506 548 717 599 petiolatis
750 550 978 590 carnosulis
1010 551 1221 591 3-5-sectis
1248 550 1476 602 segmentis
1501 549 1857 591 lineari-cuneatus

292 599 608 641 decurrentibus
627 601 822 642 brevibus
842 603 882 642 in
899 602 1071 643 lacinias
1090 603 1267 643 lineares
1284 603 1376 654 plus
1395 603 1532 643 minus
1545 601 1750 654 profunde
1762 613 1856 653 par-

291 653 395 700 titis,
421 654 556 704 scapis
581 653 765 694 unifloris
786 653 883 695 folia
902 655 1165 706 aequantibus
1183 655 1398 696 bracteola
1419 655 1532 696 brevi
1557 655 1704 695 lineari
1729 654 1857 694 inter-

291 704 388 745 dum
427 705 586 754 Obsius,
626 706 778 758 scpalis
816 707 1004 759 oblongis
1041 707 1198 758 glabris
1265 707 1479 748 atentibus
1517 706 1854 759 persistentibus,

289 757 439 809 petalis
467 758 588 798 luteis
613 759 802 810 oblongis
829 760 968 812 calyce
995 759 1200 812 subduplo
1228 720 1497 811 llongioribus,
1525 760 1640 812 spica
1668 758 1854 811 globosa,

291 810 480 861 camellis
506 811 644 862 parvis
671 811 841 852 laevibus
862 813 1107 864 compressis
1133 813 1370 854 semiovatis
1396 816 1531 853 rostro
1557 812 1673 853 brevi
1692 811 1857 852 laterali

291 870 404 903 recto
421 864 628 914 superatis
656 867 714 910 ⁸21.

349 934 442 968 Hab.
478 935 524 968 ad
557 935 656 969 nives
690 935 820 969 montis
855 935 938 969 Kuh
973 935 1052 970 Nur
1087 936 1222 970 Persiae
1255 935 1632 971 austro-occidentalis
1669 937 1855 970 12-13000‘

303 981 506 1024 (Hausskl)
526 982 766 1025 Bipollicaris,
783 982 951 1016 foliorum
970 982 1104 1017 lamina
1124 986 1183 1018 4-5
1209 983 1324 1018 lineas
1348 984 1468 1027 longa.
1490 983 1679 1017 Proximus
1698 982 1858 1034 R3myo-

301 1028 439 1062 meroide·
468 1028 600 1063 radicis
626 1030 761 1072 grumis
787 1029 963 1073 oblongis,
989 1030 1123 1073 sepalis
1150 1030 1321 1074 deciduis,
1345 1031 1444 1074 spica
1470 1030 1661 1065 fructifera
1687 1029 1857 1074 oblonga,

302 1076 472 1119 carpellis
492 1075 657 1119 oblongis
677 1077 791 1120 magis
811 1076 944 1111 inflatis
962 1076 1141 1112 distincto.

309 1206 367 1244 R.
391 1205 736 1256 polyrrhizus
757 1218 766 1245 :

349 1293 401 1328 Cl.
433 1293 553 1328 Janka
587 1294 683 1328 Oest.
704 1294 792 1330 ,B0t.
821 1295 913 1329 Zeit.
945 1297 1045 1338 1870,
1077 1307 1111 1339 p.
1147 1299 1223 1338 lll,
1253 1295 1396 1330 dubitat
1426 1296 1469 1330 de
1500 1296 1692 1331 identitate
1719 1296 1858 1339 plantae

302 1342 470 1374 Armenae
496 1351 574 1374 cum
602 1341 753 1376 Rossica
777 1347 811 1376 et
837 1342 1000 1385 Sibirica,
1028 1343 1089 1376 sed
1119 1343 1315 1386 specimina
1340 1343 1527 1387 utriusque
1555 1343 1748 1377 simillima.
1769 1342 1857 1376 Haec

303 1388 442 1430 species
462 1386 562 1422 fibris
582 1389 649 1422 etsi
669 1399 739 1422 non
760 1389 937 1432 grumosis
957 1395 1079 1424 tamen
1100 1389 1323 1424 fasciculatis
1342 1390 1477 1434 gaudet
1496 1396 1530 1424 et
1549 1391 1743 1424 transitum
1762 1390 1858 1423 inter

301 1434 427 1468 ambas
447 1435 623 1469 sectiones
641 1435 793 1479 praebet.

305 1575 380 1616 pro
403 1564 460 1603 R.
487 1565 945 1615 Peloponnesiaco
966 1564 1099 1606 Boiss
1122 1577 1229 1617 pone
1253 1577 1261 1605 :

342 1652 397 1691 R.
427 1652 607 1703 Aqerii
636 1651 752 1693 Bert.
782 1651 816 1694 Ο
848 1664 935 1693 usc.
971 1656 1009 1701 3,
1037 1665 1077 1705 p.
1103 1656 1192 1702 182,
1216 1653 1303 1695 tab.
1328 1657 1365 1694 6.
1393 1653 1555 1695 Nomen
1581 1654 1796 1706 antiquius
1815 1657 1859 1694 et

288 1705 541 1756 synonymiae
563 1704 696 1746 adde:
717 1705 775 1746 R.
839 1706 1178 1759 elopomzesz'acus
1197 1706 1330 1748 Boiss.
1354 1707 1507 1759 Diagn.
1527 1707 1605 1748 loc.
1625 1707 1696 1748 cit.

347 1773 415 1808 Ar.
437 1774 578 1817 Geogr.
599 1776 717 1819 Istria,
739 1776 847 1810 Italia
866 1776 985 1811 media
1002 1781 1037 1811 et
1057 1777 1240 1821 australis,
1261 1777 1393 1813 Sicilia.

308 1905 367 1944 R.
389 1905 703 1945 Rumelicus
723 1918 732 1945 :

346 1992 403 2026 Ex
425 1992 469 2026 cl.
491 1992 613 2026 Janka
633 1993 731 2027 Oest.
758 1993 838 2027 Bot.
864 1994 956 2028 Zeit.
979 1996 1080 2038 1870,
1101 2006 1135 2039 p.
1160 1998 1237 2029 111.
1255 1995 1334 2029 haec
1357 1996 1495 2039 species
1515 2006 1536 2030 a
1557 1996 1662 2030 simili
1681 1996 1726 2031 R.
1746 1997 1856 2040 psilo-

300 2039 442 2084 stachye
461 2039 669 2074 indumento
688 2040 855 2074 foliorum
876 2046 1025 2084 patente
1044 2042 1101 2076 vel
1128 2042 1420 2086 adpressiusculo
1441 2054 1506 2078 nec
1526 2043 1700 2087 adpresse
1720 2044 1857 2078 sericeo

300 2087 503 2130 praesertim
524 2086 645 2121 differt
666 2093 701 2121 et
717 2092 802 2121 tunc
822 2088 1017 2130 specimina
1037 2089 1073 2122 in
1098 2090 1223 2124 Attica
1242 2100 1264 2124 a
1285 2090 1329 2124 cl.
1351 2090 1580 2134 Orphanides
1601 2096 1637 2124 et
1656 2090 1855 2125 Heldreich

301 2135 395 2168 lecta
410 2140 445 2168 et
464 2144 485 2168 a
502 2144 558 2168 me
575 2133 641 2168 sub
656 2134 699 2168 R.
716 2134 900 2169 Rumelico
914 2141 1123 2170 enumerata
1139 2137 1260 2179 potius
1277 2137 1322 2171 ad
1337 2137 1383 2172 R.
1393 2138 1637 2182 psz'lostachyn
1651 2137 1856 2172 revocanda

302 2188 430 2224 essent,
452 2187 624 2215 caeterum
641 2181 757 2215 ambae
775 2182 913 2225 species
934 2182 1037 2217 nimis
1054 2182 1182 2218 affines
1203 2188 1297 2218 sunt.

307 2315 364 2354 R.
388 2315 676 2361 Asiaticus,
699 2313 807 2354 adde
826 2313 962 2355 locum
983 2327 991 2355 :

347 2403 529 2447 AEgyptus
548 2402 699 2436 inferior
716 2401 762 2436 ad
780 2402 1042 2437 Alexandriam
1065 2403 1292 2448 (Letourn.!).

345 2467 431 2501 llaec
449 2468 586 2510 species
603 2473 738 2510 praeter
757 2467 923 2511 regiones
946 2467 1152 2503 Orientales
1170 2469 1206 2502 in
1223 2469 1332 2503 Italia
1352 2469 1739 2505 australi-occidentali
1759 2471 1856 2505 circa

300 2514 526 2558 Hydruntum
546 2515 675 2549 crescit
692 2520 785 2549 teste
805 2514 848 2548 cl.
869 2514 912 2548 H.
931 2514 1079 2549 Groves.

303 2645 361 2684 R.
384 2644 782 2695 chaerophyllos
805 2657 814 2685 2

344 2731 399 2764 Ex
427 2730 470 2764 cl.
492 2731 525 2764 J.
554 2731 672 2775 Freyn
702 2736 738 2765 et
761 2731 914 2765 aliorum
941 2731 1254 2767 observationibus
1280 2737 1383 2777 patet
1408 2733 1548 2767 Linnaei
1574 2732 1853 2777 descriptionem

299 2784 333 2811 et
351 2778 546 2821 specimina
567 2778 645 2821 ejus
663 2778 822 2813 herbarii
836 2778 882 2813 ad
902 2779 1012 2813 aliam
1030 2779 1086 2813 vel
1108 2780 1199 2814 alias
1217 2780 1356 2824 species
1373 2780 1501 2815 dubias
1521 2785 1705 2824 spectare3
1725 2780 1853 2814 nihilo-

296 2826 412 2858 minus
432 2835 476 2858 ne
496 2824 657 2859 confusio
677 2826 793 2868 major
819 2827 958 2860 oriatur
976 2827 1262 2870 praescriptionis
1286 2827 1371 2871 jure
1395 2827 1508 2871 legem
1536 2828 1740 2871 prioritatis
1766 2832 1853 2862 tem-

297 2882 428 2914 perans
447 2871 539 2905 hanc
557 2873 712 2915 speciem
730 2872 775 2906 ab
794 2873 958 2907 omnibus
975 2873 1153 2908 botanicis
1173 2874 1238 2909 sub
1256 2875 1324 2909 hoc
1337 2874 1704 2918 nominejamdudum
1719 2879 1853 2919 notam,

297 2918 341 2951 cl.
363 2919 508 2972 Trimen
526 2918 652 2952 Journ.
674 2918 714 2953 of
730 2919 871 2964 Botany
894 2922 982 2954 1872
1003 2926 1157 2964 secutus,
1176 2921 1241 2956 sub
1262 2922 1307 2956 R.
1328 2921 1560 2967 chaerophyllo
1580 2923 1687 2956 Auct.
1711 2932 1853 2956 enume—

298 2975 380 2999 rare
401 2972 520 3008 aptius
540 2971 697 2999 autumo.
