2094 3351
254 228 320 264 126
958 241 1220 265 memmium-2.
1697 233 1923 279 Hypericum.

248 309 271 336 r
313 330 319 336 .

252 316 343 410 73³9,
374 365 470 413 post
491 362 555 402 H.
580 362 886 413 calycinum
906 363 1042 403 insere
1065 375 1073 402 :

412 448 476 487 H.
499 459 764 488 cernuum
786 449 938 499 (Roxb.
960 448 1022 489 Fl.
1042 449 1134 490 Ind.
1164 449 1239 498 ΙΙΙ,
1263 462 1303 502 p.
1323 450 1419 501 400)
1450 451 1642 502 glabrum
1664 450 1923 500 fruticosum,

356 501 484 541 ramis
505 502 654 541 erectis
676 501 927 553 cylindricis,
951 501 1058 542 foliis
1078 503 1275 543 coriaceis
1303 503 1747 555 elliptico-lanceolatis
1767 504 1927 545 obtusis

355 553 505 594 subtus
526 553 683 605 glaucis
703 555 865 595 minute
884 555 1112 606 punctatis,
1144 556 1273 607 cymis
1301 555 1592 597 terminalibus
1619 556 1816 598 brevibus
1843 560 1928 598 3-5-

357 605 484 654 floris,
507 606 688 647 bracteis
710 607 949 653 linearibus,
971 607 1143 648 floribus
1163 608 1340 659 magnis,
1362 620 1407 649 se.
1439 608 1514 649 alis
1534 610 1682 658 ovatis‚
1698 609 1817 662 stylis
1833 621 1928 650 ova-

358 659 419 699 rio
449 658 574 710 duplo
607 659 863 711 longioribus
894 661 1076 700 stamina
1107 660 1404 713 subsuperanti
1435 673 1483 701 us
1527 675 1577 713 5.
1615 661 1673 702 Ic.
1707 661 1923 714 Jacquem.

362 710 463 764 Voy.
488 712 576 752 tab.
599 716 664 753 23.
682 713 806 753 -Η.
829 711 1150 767 oblonyz'folium
1170 713 1322 766 Choisy
1344 714 1453 766 Hyp.
1475 714 1563 755 tab.
1585 718 1610 755 4
1631 726 1711 756 non
1732 714 1924 756 Wallieh.

417 782 512 816 Hab.
534 783 580 816 ad
603 794 712 827 rupes
730 794 845 827 prope
866 784 1002 818 Kuram
1024 783 1230 828 Affghaniae
1251 785 1385 828 (Aitch.
1407 786 1518 827 3152).

419 846 551 880 Forma
571 846 720 881 floribus
742 852 827 892 typo
848 847 1046 882 minoribus
1065 847 1203 891 (Aitch.
1226 848 1329 891 Cat).

416 909 485 944 Ar.
508 909 651 953 Geogr.
670 912 782 956 Regio
804 912 1008 946 Himalaica
1029 912 1265 948 occidentalis
1283 918 1497 957 temperata.

252 1054 343 1100 790,
377 1053 437 1092 H.
462 1053 830 1104 Rhodopeum‚
853 1053 985 1095 adde:

418 1141 510 1175 Hah.
533 1143 568 1175 in
585 1142 743 1176 Thracia
764 1141 904 1177 boreali
925 1143 1019 1177 inter
1036 1143 1196 1178 Karlova
1217 1149 1251 1178 et
1273 1144 1545 1188 Philippopolin
1562 1144 1740 1188 (Janka!).

253 1285 343 1331 790,
377 1284 442 1323 H.
468 1283 828 1334 Olympicum,
852 1283 960 1325 adde
983 1297 991 1324 :

371 1419 392 1453 b
417 1372 511 1453 Halli.
532 1373 710 1462 ipPHaeipo
727 1373 893 1407 Thraciae
912 1373 1071 1408 borealis
1091 1373 1137 1408 ad
1156 1374 1316 1408 Karlova
1336 1374 1514 1418 (Janka!),
1529 1385 1643 1419 prope
1663 1375 1799 1419 Hadjin
1815 1375 1928 1419 Syriae

397 1430 482 1454 orea
500 1430 528 1453 is
591 1430 630 1454 os
657 1447 663 1453 .
686 1447 691 1453 .

253 1551 344 1598 791,
379 1550 441 1589 H.
462 1549 741 1600 Apollinis,
765 1549 873 1590 adde
896 1563 904 1590 ε

417 1637 512 1671 Hab.
533 1638 569 1671 in
585 1643 706 1672 monte
729 1637 815 1671 OEta
836 1637 1056 1672 Phthiotidis
1077 1640 1215 1673 6—6600‘
1234 1638 1375 1682 (Heldr.
1390 1640 1423 1683 ἱ).

252 1783 343 1830 793,
374 1784 470 1833 post
488 1781 553 1821 H.
577 1781 1001 1832 empetriiolium
1020 1782 1157 1823 insere
1179 1795 1187 1823 :

413 1869 478 1909 H.
502 1868 820 1920 qaliiiolium
841 1869 990 1921 (Rupr.
1014 1868 1076 1910 Fl.
1106 1869 1233 1911 Cauc.
1264 1882 1305 1922 p.
1336 1870 1430 1922 245)
1456 1871 1664 1923 glabrum,
1694 1871 1882 1913 caulibus
1911 1885 1932 1914 e

358 1921 589 1962 rhizomate
626 1926 801 1974 repente
833 1922 1089 1974 simplicibus
1123 1922 1339 1964 herbaceis
1372 1923 1540 1972 foliosis,
1576 1923 1684 1965 foliis
1717 1926 1931 1977 quaternis

359 1978 538 2026 anguste
557 1974 785 2016 linearibus
806 1976 1057 2016 acutissimis
1083 1977 1274 2028 margine
1300 1976 1497 2017 revolutis
1526 1977 1730 2029 pellucide
1758 1983 1932 2030 puncta-

359 2028 428 2075 tis,
452 2027 584 2068 axillis
604 2027 870 2069 inferioribus
889 2027 1188 2077 fasciculiferis,
1207 2030 1335 2081 cymis
1354 2029 1650 2082 depauperatis
1665 2031 1706 2071 in
1721 2042 1932 2072 racemum

358 2080 529 2121 brevem
563 2080 793 2132 simplicem
837 2081 902 2122 vel
946 2082 1221 2133 compositum
1257 2082 1490 2134 dispositis,
1531 2082 1713 2124 bracteis
1749 2083 1933 2125 breviter

359 2133 587 2173 linearibus
606 2133 796 2185 margine
826 2134 1097 2185 glandulosis,
1127 2135 1279 2185 sepalis
1308 2135 1500 2187 ellipticis
1528 2136 1795 2177 acutiusculis
1824 2149 1932 2178 mar-

360 2186 456 2237 gine
471 2185 680 2236 glandulis
702 2187 830 2237 nigris
850 2187 1134 2238 substipitatis
1154 2187 1314 2237 obsitis,
1337 2188 1487 2240 petalis
1507 2188 1932 2240 oblongo-linearibus

359 2250 438 2279 non
462 2239 718 2290 glandulosis
745 2239 885 2292 calyce
906 2240 1030 2292 triplo
1056 2239 1327 2292 longioribus,
1351 2241 1542 2293 carpellis
1571 2241 1933 2294 longitudinaliter

358 2292 661 2341 multivittatis,
685 2293 912 2334 seminibus
932 2293 1327 2335 lineato-soveolatis
1354 2298 1412 2341 ΩΙ.

421 2363 514 2398 Hab.
534 2364 569 2397 in
590 2364 841 2408 Daghestania
867 2365 1064 2399 Caucasica
1092 2364 1276 2408 calidiore,
1304 2366 1340 2399 in
1361 2371 1480 2400 monte
1506 2365 1633 2409 Erpeli
1661 2365 1805 2400 ditionis
1831 2366 1932 2401 Kois-

374 2411 466 2446 subu
487 2417 522 2445 et
543 2412 578 2445 in
603 2411 738 2446 ditione
760 2411 915 2446 Gumbet
937 2413 1031 2446 inter
1052 2413 1216 2456 Arguani
1237 2419 1272 2447 et
1292 2412 1486 2447 Tschirkat
1510 2415 1719 2447 1200-5000Ι
1743 2413 1931 2456 (Owerinl)

375 2459 473 2507 (Vidi
490 2458 685 2493 frustulum
703 2469 724 2493 a
745 2459 789 2493 cl.
809 2459 999 2502 Ruprecht
1016 2460 1169 2503 comm.)

421 2524 553 2558 Caules
590 2523 874 2567 6-9-pollicares,
906 2523 993 2558 folia
1026 2524 1237 2558 tenuissima
1266 2526 1287 2558 9
1317 2524 1431 2559 lineas
1463 2524 1583 2569 longa,
1610 2525 1737 2568 sepala
1769 2525 1932 2568 linearia,

372 2571 498 2615 petala
517 2573 537 2604 3
565 2571 678 2605 lineas
704 2571 822 2615 longa.
845 2570 965 2606 Affine
994 2571 1043 2605 H.
1070 2572 1304 2615 empetrifolio
1332 2578 1367 2606 et
1396 2573 1597 2615 praesertim
1619 2572 1668 2606 H.
1694 2572 1793 2607 Coris
1812 2572 1933 2607 differt

373 2618 538 2653 caulibus
558 2618 758 2661 herbaceis,
781 2618 877 2653 foliis
899 2618 1121 2663 longioribus
1148 2625 1184 2653 et
1210 2619 1443 2662 acutioribus,
1465 2619 1708 2663 carpellorum
1736 2620 1833 2654 vittis
1857 2620 1932 2654 lon-

372 2665 635 2710 gitudinalibus
655 2676 721 2700 nec
741 2665 905 2709 obliquis.

254 2803 346 2849 794,
377 2804 473 2852 post
494 2800 559 2840 H.
582 2800 925 2840 crenulatum
946 2800 1082 2840 insere
1104 2812 1112 2840 :

415 2889 480 2928 H.
503 2888 813 2929 modestum
852 2887 985 2928 Boiss.
1008 2888 1050 2928 in
1072 2886 1180 2928 Sint.
1203 2891 1246 2928 et
1266 2887 1372 2939 Rigo
1392 2888 1449 2940 pl.
1473 2887 1599 2940 Cypr.
1622 2899 1707 2928 exs.
1731 2888 1825 2937 582)
1846 2887 1932 2939 gla-

359 2941 482 2982 brum
504 2941 714 2993 glaucum,
731 2939 838 2982 cauli
871 2953 919 2981 us
935 2953 956 2982 e
974 2940 1203 2981 rhizomate
1217 2940 1404 2981 verticali
1421 2940 1694 2982 crassiusculo
1715 2939 1819 2981 duro
1839 2939 1932 2981 her-

360 2994 501 3035 baceis
529 2994 783 3036 tenuissimis
803 2993 1438 3046 procumbeuti-ascendentibus
1459 2993 1604 3035 crebre
1624 2992 1777 3034 foliosis
1797 2992 1932 3034 brevi-
