2115 3250
202 212 371 248 Deverra.
895 218 1170 243 UMBELLIFERAE..
1797 204 1868 240 253

200 293 271 327 Pag.

201 348 293 395 861,
323 347 562 386 Deverra
580 343 886 391 trit-afflata,
910 340 1018 382 adde
1040 353 1048 381 :

320 432 469 523 (SI-Illab..
497 431 556 520 ῗᾱι)
578 430 694 466 Ouadi
731 430 889 464 Tumilat
928 435 964 463 et
1001 428 1118 463 Ouadi
1156 426 1277 480 Dugla
1312 426 1447 461 deserti
1482 423 1869 470 AEgyptiaco-Arabici

359 491 378 514 c
406 490 495 514 wem
517 505 542 512 ..
563 505 570 512 .

201 631 292 677 863,
325 629 560 668 Reutera
580 626 828 678 rigidum,
852 625 959 666 adde
981 637 990 665 z

366 717 458 751 Hab.
478 717 515 750 in
535 716 664 751 vinetis
681 715 827 750 ditionis
847 715 1015 759 Sicyones
1032 713 1271 757 Peloponnesi
1286 722 1399 756 prope
1419 710 1663 745 Trikaliotika
1685 708 1871 751 (Heldr.!).

201 876 292 922 867,
322 877 418 925 post
439 872 819 923 Pimpinellam
839 871 1179 921 eriocarpam
1198 869 1335 909 insere
1357 880 1366 908 ;

360 961 418 1000 Ρ.
463 957 913 1000 schweinfurthii
948 956 1157 1006 (Aschers.
1197 955 1293 996 Bot.
1328 954 1427 995 Ver.
1467 952 1709 994 Brandenb.
1754 954 1869 996 1880,

337 1044 346 1052 .
364 1012 431 1061 67»)
447 1024 587 1053 annua
599 1009 1046 1064 pubescenti-hirtena,
1066 1009 1183 1050 caule
1197 1008 1306 1048 elato
1327 1007 1477 1048 striato
1496 1017 1676 1057 superne
1690 1015 1869 1051 ramoso,

323 1065 412 1106 oliis
446 1064 709 1105 inferioribus
741 1064 864 1114 longe
895 1062 1107 1115 petiolatis
1141 1061 1205 1101 vel
1241 1060 1426 1101 indivisis
1459 1058 1701 1099 orbiculatis
1732 1056 1797 1097 vel
1834 1056 1874 1096 ln

305 1122 523 1170 segmenta
542 1117 744 1169 petiolata
764 1119 831 1157 3-5
851 1127 1006 1167 magna
1025 1113 1258 1155 orbiculata
1280 1113 1371 1154 basi
1396 1112 1656 1153 subcuneata
1676 1112 1874 1150 truncata

306 1171 369 1212 vel
399 1170 573 1212 cordata
597 1169 922 1221 subduplicatim
948 1167 1273 1208 inciso-dentata
1299 1165 1499 1206 ternatim
1530 1164 1668 1211 sectis,
1700 1162 1874 1203 caulinis

305 1235 433 1276 supra
451 1223 644 1274 vaginam
666 1221 878 1263 sessilibus
898 1220 1121 1262 biternatis
1142 1224 1184 1260 et
1204 1219 1381 1260 tei-natis
1401 1217 1628 1269 segmentis
1657 1215 1874 1256 diminutis

306 1275 757 1317 cuneiformi-obovatis
795 1275 934 1315 antice
970 1272 1317 1320 inciso-dentatis,
1354 1270 1546 1311 umbellis
1585 1267 1874 1320 oppositifoliis

305 1329 428 1381 longe
447 1328 739 1381 pedunculatis
760 1326 1063 1374 6-10-radiatis‚
1085 1326 1296 1366 involucro
1325 1329 1368 1365 et
1393 1322 1638 1364 involucello
1668 1321 1790 1361 nullis
1809 1320 1875 1361 vel

305 1381 595 1434 monophyllis‚
635 1381 785 1433 petalis
816 1379 965 1421 subtus
998 1390 1123 1431 parce
1153 1377 1348 1425 hirtellis,
1382 1374 1616 1428 stylopodio
1652 1374 1794 1415 conico
1832 1373 1872 1413 in

306 1435 436 1487 stylos
456 1434 734 1486 longiusculos
753 1434 1107 1484 erecto-patentes
1129 1431 1325 1479 abeunte,
1343 1429 1483 1470 fructu
1501 1428 1595 1480 pilis
1613 1427 1718 1468 albis
1732 1426 1876 1466 hama-

307 1488 361 1529 tis
383 1487 627 1528 densissime
648 1487 784 1527 obsito
807 1489 870 1534 Θ.

323 1565 459 1653 ΙΟΞΙΙῗὶ).
478 1566 513 1599 in
539 1565 645 1599 cultis
666 1564 802 1599 Oaseos
828 1573 967 1607 magnae
998 1562 1150 1606 AEgypti
1169 1570 1284 1605 prope
1303 1560 1395 1595 Gian
1421 1563 1456 1594 et
1486 1558 1650 1602 GJenach
1673 1553 1874 1600 (Schweinf.

367 1676 603 1720 Semipedalis
622 1682 657 1710 et
677 1675 829 1719 pedalis,
851 1674 1019 1708 foliorum
1046 1678 1232 1717 segmenta
1261 1672 1429 1716 pollicem
1451 1676 1486 1706 et
1513 1670 1667 1714 amplius
1698 1669 1875 1703 diametro

321 1724 398 1758 lata
417 1724 596 1759 interdum
613 1729 731 1757 autem
750 1723 900 1765 minora,
916 1721 1084 1755 umbellae
1099 1720 1191 1754 radii
1211 1722 1265 1753 1-l
1288 1719 1547 1763 'l2-pollicares.
1563 1716 1758 1761 Speciebus
1773 1720 1877 1759 quat-

321 1775 403 1806 tuor
422 1770 711 1815 praecedentibus
731 1769 924 1812 robustior,
945 1769 1114 1802 foliorum
1132 1772 1318 1812 segmenta
1337 1766 1478 1810 majora
1499 1771 1534 1800 et
1555 1765 1782 1808 superiorum
1802 1773 1874 1797 non

321 1824 361 1853 ut
380 1820 416 1853 in
437 1820 486 1853 eis
504 1819 539 1852 in
560 1819 709 1852 lacinias
732 1818 886 1851 lineares
906 1816 1097 1850 multifida.

205 1971 296 2018 872,
326 1972 422 2021 post
443 1969 501 2008 P.
524 1968 869 2019 Zaqrosicam
888 1966 1024 2006 insere
1047 1977 1055 2006 :

364 2055 422 2094 P.
447 2054 645 2105 cypria
666 2053 817 2106 (Boiss.
846 2052 889 2093 in
916 2051 1023 2093 Sint.
1053 2054 1096 2092 et
1120 2050 1227 2102 Rigo
1258 2050 1315 2102 pl.
1350 2048 1476 2102 Cypr.
1511 2060 1596 2089 eXS.
1635 2047 1754 2098 1880)
1786 2046 1878 2087 basi

310 2107 506 2149 indurata
545 2106 631 2148 fere
668 2105 972 2147 suffrutescens.
1001 2103 1163 2145 inferne
1201 2103 1399 2155 adpresse
1436 2112 1660 2142 canescens
1698 2111 1879 2152 superne

309 2161 454 2213 patule
489 2159 714 2211 hispidum,
756 2157 862 2199 foliis
894 2156 1148 2198 radicalibus
1180 2156 1328 2208 amplis
1360 2154 1648 2208 pinnatisectis
1682 2153 1879 2205 2-3-jvgis

310 2213 536 2265 segmentis
556 2211 892 2264 subpetiolulatis
920 2211 1084 2261 magnis
1104 2208 1489 2250 ovato-orbiculatis
1516 2207 1665 2248 obtuse
1694 2206 1880 2247 dentatis

309 2266 553 2308 lateralibus
573 2265 663 2305 basi
686 2264 955 2305 subcuneatis
976 2262 1184 2304 terminali
1204 2262 1295 2303 basi
1315 2260 1567 2302 subcordato
1588 2259 1754 2305 trilobo,
1786 2269 1882 2299 cau-

310 2320 416 2360 libus
447 2319 567 2359 elatis
589 2317 824 2359 dichotome
849 2317 1023 2357 ramosis
1051 2315 1304 2368 corymbosis
1333 2317 1489 2367 praeter
1517 2312 1615 2354 folia
1647 2311 1807 2353 sessilia
1838 2312 1880 2351 in

310 2372 482 2413 lacinias
502 2371 679 2412 lineares
698 2370 846 2411 breves
874 2369 1055 2410 dissecta
1080 2372 1123 2409 et
1149 2367 1327 2408 indivisa
1358 2366 1495 2414 nudis,
1527 2364 1720 2406 umbellae
1752 2363 1880 2405 radiis

313 2428 380 2466 6-8
413 2436 505 2465 cum
540 2423 752 2476 pedicellis
784 2423 1018 2475 petalisque
1047 2420 1236 2472 hispidis,
1273 2420 1412 2461 ovario
1446 2424 1567 2459 ovato
1600 2417 1883 2470 hispidissimo

313 2477 544 2530 stylopodio
564 2476 830 2517 mammillari
850 2475 1051 2527 stylisque
1068 2474 1201 2526 longis
1222 2473 1414 2514 flexuosis
1435 2475 1633 2524 superato
1661 2474 1720 2518 91.

370 2554 464 2589 Hab.
485 2554 532 2588 ad
550 2564 659 2597 rupes
679 2564 790 2597 supra
810 2553 995 2596 Bellapais
1016 2552 1125 2596 Cypri
1142 2551 1246 2592 (Sint.
1268 2555 1303 2585 et
1322 2551 1414 2594 Rigo
1436 2551 1547 2589 5922).

371 2619 529 2653 Pulchra
549 2619 685 2662 species
706 2617 854 2652 caudice
876 2617 1152 2652 suffrutescente
1172 2616 1438 2660 segmentisque
1466 2614 1595 2657 amplis
1625 2614 1700 2651 <1-2
1729 2612 1882 2656 pollices

325 2667 442 2710 longis
459 2673 570 2710 atque
590 2666 687 2700 latis›
708 2665 876 2699 foliorum
897 2665 1056 2708 insignis.
1072 2663 1177 2698 Folia
1190 2662 1367 2697 radicalia
1383 2664 1442 2696 6-9
1456 2661 1608 2705 pollices
1624 2661 1744 2704 longa,
1760 2659 1882 2694 caules

325 2713 476 2748 floriferi
498 2716 552 2747 1-1
570 2712 791 2756 ¹12-pedales.

368 2861 423 2900 P.
447 2860 779 2900 diversifolia
801 2859 886 2911 (no.
910 2858 1056 2899 Prodr.
1079 2858 1152 2906 IV,
1178 2857 1271 2908 122)
1291 2856 1523 2909 pubescens
1543 2855 1607 2897 vel
1628 2858 1879 2902 tomentosa‚

314 2913 433 2954 caule
452 2913 561 2953 elato
582 2912 753 2953 robusto
772 2923 952 2964 superne
972 2911 1229 2963 corymboso‚
1252 2910 1360 2950 foliis
1386 2908 1641 2950 radicalibus
1675 2907 1884 2948 nonnullis

314 2965 526 3007 interdum
558 2965 744 3006 indivisis
778 2965 911 3005 ovatis
943 2964 1105 3005 caeteris
1138 2963 1338 3005 ternatim
1370 2962 1435 3003 vel
1465 2960 1884 3013 subbipinnatisectis
