2115 3250
220 218 342 253 Silene.
969 235 1141 259 SILENEAE.
1843 232 1889 267 93

220 298 290 332 Pag.

209 1168 298 1214 590,

206 1383 296 1430 591,

199 2300 288 2346 591,

197 2562 288 2609 592,

322 350 628 392 unilateraliter
645 353 867 394 racemosis
888 354 1078 395 omnibus
1105 355 1348 397 brevissime
1375 361 1418 398 et
1447 370 1584 399 crasse
1611 360 1884 411 pedicellatis,

323 401 430 443 foliis
448 402 700 445 radicalibus
715 408 758 446 et
774 404 1036 447 infer-loribus
1051 407 1500 459 oblongo-spathulatis
1515 413 1781 453 acutiusculis
1796 414 1886 455 basi

322 455 567 504 attenuatis,
589 456 771 498 bracteis
791 457 1213 509 oblongo-linearibus
1234 462 1367 502 acutis
1386 461 1476 502 basi
1499 463 1683 505 dilatatis
1705 466 1884 517 calycem

321 507 583 558 aequantibus
602 508 666 549 vel
686 510 996 561 superantibus,
1025 511 1164 564 calyce
1183 512 1363 554 florifero
1383 514 1473 555 basi
1502 519 1544 556 et
1570 518 1687 567 apice
1712 519 1888 559 subcon-

319 562 455 600 tracto
475 560 652 613 oblongo
672 563 808 603 nervis
828 562 924 603 latis
951 563 993 603 in
1020 564 1167 605 cristas
1193 570 1339 606 acutas
1367 567 1544 619 crispulo
1573 569 1706 609 hirtas
1734 572 1886 622 promi-

318 612 514 653 nentibus
535 612 729 655 dentibus
748 614 893 666 rigidis
914 615 1156 657 lanceolatis
1176 619 1310 658 acutis
1329 621 1584 660 mucronatis
1605 622 1882 671 subi-ocurvis,

317 664 551 715 petalorum
570 677 710 718 ungue
723 667 982 716 subexserto,
999 668 1155 710 lamina
1168 670 1330 711 intense
1350 676 1561 724 purpurea
1574 677 1728 725 magna
1743 675 1884 716 obcor-

321 716 434 765 data,
457 729 618 759 coronae
643 719 803 760 laciniis
828 720 966 771 parvis
993 722 1141 771 ovatis,
1170 723 1426 775 carpophoro
1457 726 1642 766 ovarium
1669 727 1884 768 dimidium

318 774 526 821 aequante,
549 771 719 823 capsula
724 803 804 812 .....
828 775 892 821 Θ.

375 838 467 873 Hab.
482 840 518 874 in
534 840 686 883 planitie
702 841 906 876 Esdraelon
919 843 1125 878 Palaestinae
1140 843 1186 878 ad
1200 845 1385 880 meridiem
1403 846 1600 882 Nazareth.
1622 849 1777 894 (Barbey
1794 852 1882 893 Apr.

332 887 422 920 1880
442 887 622 930 specimen
643 889 785 922 unicum
797 889 831 932 l).

374 949 533 985 Pulchra
549 952 686 994 species
706 951 742 986 S.
762 963 947 988 ‘racemosa’
965 953 1053 988 Otth
1075 959 1110 989 et
1126 956 1328 998 praesertim
1345 956 1381 991 S.
1396 957 1615 992 Heldreichii
1634 959 1754 994 affinis
1773 970 1794 994 a
1812 962 1886 1003 qua.

326 995 475 1031 fioribus
492 997 723 1033 inferioribus
743 999 916 1041 alaribus,
937 1000 1060 1046 calyce
1079 1000 1239 1036 florifero
1266 1003 1422 1047 oblongo
1449 1015 1514 1038 nec
1544 1006 1739 1049 cylindrico
1764 1008 1883 1041 nervis

327 1043 363 1077 in
381 1044 548 1079 cristulas
568 1045 855 1088 prominentibus
875 1057 1047 1090 percurso
1066 1047 1198 1083 differt.

334 1167 388 1207 S.
413 1167 626 1217 Gallica,
649 1169 757 1211 adde
780 1182 788 1210 :

371 1254 465 1289 Hab.
485 1255 521 1289 in
541 1255 627 1291 Oasi
645 1258 761 1300 parva
781 1257 934 1302 AEgypti
956 1258 1185 1303 (Aschers.!).

326 1385 423 1433 post
446 1382 499 1422 S.
522 1384 903 1425 cerastioidem
923 1385 1060 1428 insere
1082 1399 1090 1427 :

368 1468 421 1507 S.
443 1468 741 1510 tridentata
763 1470 896 1522 (Desf.
918 1470 980 1512 Fl.
1003 1471 1088 1513 Atl.
1110 1472 1144 1520 Ι,
1168 1473 1262 1525 349)
1283 1475 1475 1516 scabride
1501 1487 1740 1526 canescens,
1763 1479 1883 1520 caule

310 1525 449 1561 erecto
469 1521 645 1572 simplici
665 1522 729 1563 vel
749 1523 895 1564 stricte
922 1536 1100 1574 ramoso,
1122 1525 1292 1567 fioribus
1320 1527 1629 1570 unilateraliter
1655 1531 1879 1572 racemosis

309 1571 616 1622 subsessilibus,
639 1573 746 1616 foliis
766 1576 1269 1627 spathulato-lanceolatis
1295 1579 1455 1621 inferne
1482 1583 1734 1632 angustatis,
1760 1595 1880 1635 supe-

308 1625 488 1666 rioribus
509 1630 551 1666 et
569 1626 751 1668 bracteis
778 1628 1003 1670 linearibus
1030 1631 1179 1680 acutis,
1210 1632 1362 1684 calycis
1389 1635 1622 1685 praesertim
1649 1635 1703 1675 ad
1730 1648 1878 1677 nervos

309 1677 492 1719 elevatos
519 1678 669 1720 hirsuti
696 1680 863 1733 oblongi
884 1681 1087 1723 fructiferi
1113 1684 1415 1735 ovato-globosi
1434 1686 1523 1727 basi
1543 1688 1761 1729 rotundati
1782 1688 1880 1729 den-

309 1730 421 1771 tibus
452 1731 658 1773 subulatis
687 1733 832 1785 rigidis
861 1735 1011 1776 ciliatis
1035 1737 1184 1777 erectis
1213 1737 1314 1777 tubo
1335 1738 1401 1778 vix
1424 1738 1698 1789 brevioribus,
1721 1741 1880 1793 petalo-

307 1794 399 1823 rum
419 1783 575 1825 lamina
593 1788 715 1826 rosea
733 1789 863 1838 parva
882 1787 1122 1830 subinclusa
1140 1789 1284 1839 bifida,
1302 1791 1472 1842 capsula
1491 1794 1616 1833 ovata
1635 1793 1815 1846 abrupte
1835 1798 1877 1835 et

307 1835 431 1887 longe
464 1840 651 1878 rostrata
688 1839 946 1892 carpophoro
975 1841 1183 1891 subnullo‚
1223 1843 1449 1884 seminibus
1486 1845 1658 1886 minutis
1693 1847 1880 1888 tenuiter

305 1889 516 1984 ἷυςίιίοείῧ
533 1889 639 1931 facie
659 1890 925 1943 depressione
943 1893 1152 1945 profunda
1171 1894 1388 1937 auriformi
1407 1898 1617 1939 excavatis
1638 1901 1702 1948 Θ.
1731 1899 1874 1941 Willk.

329 1951 365 1981 c.
412 1973 421 1991 ,
444 1945 489 1982 ta
524 1974 533 1984 .
557 1946 621 1985 36.

363 2011 458 2093 Ηαέᾏ
470 2013 699 2104 ,ἱιὲραὲωθῧίε
720 2020 755 2049 et
772 2016 878 2051 cultis
892 2015 1047 2061 AEgypti
1066 2017 1249 2053 inferioris
1269 2029 1384 2063 prope
1405 2020 1667 2057 Alexandriam
1689 2022 1876 2066 (Letourn.

320 2068 394 2093 exs.
469 2086 476 2093 .
528 2071 568 2095 ar
598 2071 655 2106 ey.
677 2088 683 2095 .

316 2170 337 2204 b
362 2122 604 2205 Ar.l·Geogr.
634 2127 767 2161 Insulae
794 2128 1041 2173 Canarienses‚
1068 2129 1246 2173 Hispania
1266 2131 1439 2166 australis
1468 2138 1504 2166 et
1529 2134 1728 2178 orientalis,
1748 2134 1876 2170 Africa

342 2181 427 2205 orea
444 2182 485 2206 ιε.

324 2298 377 2339 S.
401 2299 718 2351 Nicaeensis,
743 2301 854 2343 adde
875 2315 884 2343 ε

360 2386 454 2422 Hab.
484 2388 520 2422 in
550 2389 738 2424 maritimis
769 2390 891 2425 Rhodi
919 2390 1111 2436 (Bourg.!),
1140 2392 1267 2427 insulae
1293 2393 1505 2437 Karpathos
1539 2394 1712 2441 (Pichl.!)‚
1739 2396 1876 2432 Ciliciae

313 2433 487 2469 Tracheae
508 2435 555 2469 ad
574 2437 760 2471 Anamour
780 2437 994 2482 (Peroninl).

321 2561 372 2601 S.
392 2562 585 2603 villosa
608 2575 616 2603 ε

360 2648 478 2692 Hujus
498 2659 542 2684 ex
559 2650 604 2684 cl.
624 2650 823 2685 Rohrbach
843 2651 940 2686 Mon.
960 2663 996 2696 p.
1020 2655 1087 2687 110
1113 2663 1335 2699 synonymon
1354 2660 1407 2690 est
1432 2655 1467 2690 S.
1500 2655 1680 2701 Canopica
1704 2657 1785 2692 Del.
1814 2658 1873 2692 Fl.

313 2694 380 2739 Eg.
401 2697 468 2729 442
489 2707 560 2731 non
579 2697 693 2732 Boiss.
711 2698 767 2732 Fl.
789 2699 850 2733 Or.

359 2758 453 2793 Hab.
473 2760 509 2794 in
525 2760 689 2795 omnibus
707 2761 863 2797 Oasibus
883 2763 1035 2808 AEgypti
1056 2762 1279 2808 (Schweinffl
1300 2765 1469 2801 Aschers.
1483 2766 1518 2811 ἱ).

196 2885 288 2931 594,
320 2884 368 2924 S.
389 2888 605 2926 setacea
628 2898 636 2926 :

359 2971 452 3006 Huic
467 2977 507 3007 ut
524 2983 747 3019 synonymon
766 2985 811 3010 ex
830 2976 874 3010 cl.
892 2976 1089 3012 Rohrbach
1107 2978 1210 3012 Linn.
1232 2980 1277 3013 3⁶3
1298 2978 1532 3024 adjungenda
1556 2980 1591 3015 S.
1617 2981 1767 3026 liyulata
1789 2981 1867 3016 Viv.

312 3017 391 3053 Lib.
409 3021 465 3063 24,
485 3019 559 3054 tab.
589 3023 642 3064 12,
661 3020 721 3065 fig.
742 3024 762 3056 3
780 3027 816 3057 et
832 3023 967 3058 Rohrb.
996 3024 1059 3059 Sil.
1080 3035 1114 3068 p.
1144 3027 1209 3059 104
1227 3026 1373 3061 excluso
1397 3026 1478 3061 lusu
1505 3029 1526 3061 2
1553 3033 1588 3062 et
1615 3039 1634 3062 e
1660 3029 1871 3074 synonymia.
