<?xml version="1.0" encoding="UTF-8"?>
<!DOCTYPE html PUBLIC "-//W3C//DTD XHTML 1.0 Transitional//EN"
    "http://www.w3.org/TR/xhtml1/DTD/xhtml1-transitional.dtd">
<html xmlns="http://www.w3.org/1999/xhtml" xml:lang="en" lang="en">
 <head>
  <title>
</title>
<meta http-equiv="Content-Type" content="text/html;charset=utf-8" />
  <meta name='ocr-system' content='tesseract 3.04.00' />
  <meta name='ocr-capabilities' content='ocr_page ocr_carea ocr_par ocr_line ocrx_word'/>
</head>
<body>
  <div class='ocr_page' id='page_1' title='image "./floraorientaliss00bois/floraorientaliss00bois_0120.png"; bbox 0 0 2094 3351; ppageno 0'>
   <div class='ocr_carea' id='block_1_1' title="bbox 221 245 1903 281">
    <p class='ocr_par' dir='ltr' id='par_1_1' title="bbox 221 245 1903 281">
     <span class='ocr_line' id='line_1_1' title="bbox 221 245 1903 281; baseline 0.001 -2"><span class='ocrx_word' id='word_1_1' title='bbox 221 246 269 280; x_wconf 82' lang='lat'>78</span> <span class='ocrx_word' id='word_1_2' title='bbox 985 256 1159 280; x_wconf 69' lang='lat' dir='ltr'><strong>SILzNEAE.</strong></span> <span class='ocrx_word' id='word_1_3' title='bbox 1711 245 1903 281; x_wconf 73' lang='lat' dir='ltr'>manchus.</span> 
     </span>
    </p>
   </div>
   <div class='ocr_carea' id='block_1_2' title="bbox 219 326 1902 534">
    <p class='ocr_par' dir='ltr' id='par_1_2' title="bbox 219 326 1902 534">
     <span class='ocr_line' id='line_1_2' title="bbox 219 326 293 352; baseline 0 0"><span class='ocrx_word' id='word_1_4' title='bbox 219 326 263 352; x_wconf 69' lang='lat' dir='ltr'>Pa</span> <span class='ocrx_word' id='word_1_5' title='bbox 286 347 293 352; x_wconf 95' lang='lat'>.</span> 
     </span>
     <span class='ocr_line' id='line_1_3' title="bbox 264 334 1902 429; baseline 0 -11"><span class='ocrx_word' id='word_1_6' title='bbox 264 334 283 359; x_wconf 66' lang='lat' dir='ltr'>g</span> <span class='ocrx_word' id='word_1_7' title='bbox 329 378 440 429; x_wconf 83' lang='lat' dir='ltr'>longi</span> <span class='ocrx_word' id='word_1_8' title='bbox 463 377 547 418; x_wconf 91' lang='lat' dir='ltr'>late</span> <span class='ocrx_word' id='word_1_9' title='bbox 576 376 789 429; x_wconf 86' lang='lat' dir='ltr'>cylindrici</span> <span class='ocrx_word' id='word_1_10' title='bbox 816 376 1048 417; x_wconf 86' lang='lat' dir='ltr'>tomentelli</span> <span class='ocrx_word' id='word_1_11' title='bbox 1078 376 1274 417; x_wconf 87' lang='lat' dir='ltr'>dentibus</span> <span class='ocrx_word' id='word_1_12' title='bbox 1303 376 1545 418; x_wconf 86' lang='lat' dir='ltr'>lanceolatis</span> <span class='ocrx_word' id='word_1_13' title='bbox 1574 377 1723 425; x_wconf 85' lang='lat' dir='ltr'>acutis,</span> <span class='ocrx_word' id='word_1_14' title='bbox 1747 377 1902 418; x_wconf 79' lang='lat' dir='ltr'>lamina</span> 
     </span>
     <span class='ocr_line' id='line_1_4' title="bbox 329 428 1902 482; baseline 0.001 -12"><span class='ocrx_word' id='word_1_15' title='bbox 329 431 495 471; x_wconf 73' lang='lat' dir='ltr'>exserta</span> <span class='ocrx_word' id='word_1_16' title='bbox 515 428 958 481; x_wconf 69' lang='lat' dir='ltr'>oblongo-spathulata</span> <span class='ocrx_word' id='word_1_17' title='bbox 976 430 1018 469; x_wconf 90' lang='lat' dir='ltr'>in</span> <span class='ocrx_word' id='word_1_18' title='bbox 1038 429 1210 470; x_wconf 86' lang='lat' dir='ltr'>lacinias</span> <span class='ocrx_word' id='word_1_19' title='bbox 1241 429 1453 471; x_wconf 87' lang='lat' dir='ltr'>latitudini</span> <span class='ocrx_word' id='word_1_20' title='bbox 1482 442 1590 470; x_wconf 84' lang='lat' dir='ltr'>areae</span> <span class='ocrx_word' id='word_1_21' title='bbox 1616 434 1750 471; x_wconf 85' lang='lat' dir='ltr'>ovatae</span> <span class='ocrx_word' id='word_1_22' title='bbox 1775 430 1902 482; x_wconf 84' lang='lat' dir='ltr'>aequi-</span> 
     </span>
     <span class='ocr_line' id='line_1_5' title="bbox 328 481 1568 534; baseline 0 -11"><span class='ocrx_word' id='word_1_23' title='bbox 328 483 474 534; x_wconf 87' lang='lat' dir='ltr'>longas</span> <span class='ocrx_word' id='word_1_24' title='bbox 494 481 702 523; x_wconf 75' lang='lat' dir='ltr'>multifida</span> <span class='ocrx_word' id='word_1_25' title='bbox 721 482 812 522; x_wconf 87' lang='lat' dir='ltr'>basi</span> <span class='ocrx_word' id='word_1_26' title='bbox 832 482 955 532; x_wconf 82' lang='lat' dir='ltr'>longe</span> <span class='ocrx_word' id='word_1_27' title='bbox 977 484 1200 522; x_wconf 70' lang='lat' dir='ltr'>attenuata</span> <span class='ocrx_word' id='word_1_28' title='bbox 1220 481 1316 522; x_wconf 77' lang='lat' dir='ltr'>alba</span> <span class='ocrx_word' id='word_1_29' title='bbox 1336 482 1484 533; x_wconf 77' lang='lat' dir='ltr'>glabra</span> <span class='ocrx_word' id='word_1_30' title='bbox 1510 485 1568 529; x_wconf 70' lang='lat' dir='ltr'>Qt.</span> 
     </span>
    </p>
   </div>
   <div class='ocr_carea' id='block_1_3' title="bbox 388 551 1684 595">
    <p class='ocr_par' dir='ltr' id='par_1_3' title="bbox 388 551 1684 595">
     <span class='ocr_line' id='line_1_6' title="bbox 388 551 1684 595; baseline 0 -9"><span class='ocrx_word' id='word_1_31' title='bbox 388 552 481 586; x_wconf 90' lang='lat' dir='ltr'>Hab.</span> <span class='ocrx_word' id='word_1_32' title='bbox 503 553 537 586; x_wconf 92' lang='lat' dir='ltr'>in</span> <span class='ocrx_word' id='word_1_33' title='bbox 559 553 720 587; x_wconf 80' lang='lat' dir='ltr'>arenosis</span> <span class='ocrx_word' id='word_1_34' title='bbox 741 551 786 586; x_wconf 90' lang='lat' dir='ltr'>ad</span> <span class='ocrx_word' id='word_1_35' title='bbox 805 551 970 586; x_wconf 86' lang='lat' dir='ltr'>Derbent</span> <span class='ocrx_word' id='word_1_36' title='bbox 990 552 1000 586; x_wconf 95' lang='lat' dir='ltr'>i</span> <span class='ocrx_word' id='word_1_37' title='bbox 1020 552 1154 586; x_wconf 87' lang='lat' dir='ltr'>Basian</span> <span class='ocrx_word' id='word_1_38' title='bbox 1175 552 1447 595; x_wconf 89' lang='lat' dir='ltr'>Mesopotamiae</span> <span class='ocrx_word' id='word_1_39' title='bbox 1466 552 1684 595; x_wconf 82' lang='lat' dir='ltr'>(Haussk.!).</span> 
     </span>
    </p>
   </div>
   <div class='ocr_carea' id='block_1_4' title="bbox 339 615 1898 801">
    <p class='ocr_par' dir='ltr' id='par_1_4' title="bbox 339 615 1898 801">
     <span class='ocr_line' id='line_1_7' title="bbox 388 615 1898 660; baseline -0.001 -8"><span class='ocrx_word' id='word_1_40' title='bbox 388 617 481 652; x_wconf 84' lang='lat' dir='ltr'>Fere</span> <span class='ocrx_word' id='word_1_41' title='bbox 507 616 659 660; x_wconf 80' lang='lat' dir='ltr'>pedalis,</span> <span class='ocrx_word' id='word_1_42' title='bbox 689 616 778 650; x_wconf 87' lang='lat' dir='ltr'>folia</span> <span class='ocrx_word' id='word_1_43' title='bbox 800 615 975 650; x_wconf 86' lang='lat' dir='ltr'>inferiora</span> <span class='ocrx_word' id='word_1_44' title='bbox 1000 617 1059 649; x_wconf 89' lang='grc'>6-7</span> <span class='ocrx_word' id='word_1_45' title='bbox 1087 616 1200 650; x_wconf 93' lang='lat' dir='ltr'>lineas</span> <span class='ocrx_word' id='word_1_46' title='bbox 1227 616 1335 660; x_wconf 87' lang='lat' dir='ltr'>longa</span> <span class='ocrx_word' id='word_1_47' title='bbox 1362 617 1550 660; x_wconf 91' lang='lat' dir='ltr'>superiora</span> <span class='ocrx_word' id='word_1_48' title='bbox 1576 617 1690 650; x_wconf 91' lang='lat' dir='ltr'>multo</span> <span class='ocrx_word' id='word_1_49' title='bbox 1717 616 1898 659; x_wconf 83' lang='lat' dir='ltr'>breviora,</span> 
     </span>
     <span class='ocr_line' id='line_1_8' title="bbox 340 663 1897 708; baseline 0 -10"><span class='ocrx_word' id='word_1_50' title='bbox 340 665 444 708; x_wconf 88' lang='lat' dir='ltr'>calyx</span> <span class='ocrx_word' id='word_1_51' title='bbox 469 666 572 698; x_wconf 85' lang='lat'>13-15</span> <span class='ocrx_word' id='word_1_52' title='bbox 593 664 707 698; x_wconf 86' lang='lat' dir='ltr'>lineas</span> <span class='ocrx_word' id='word_1_53' title='bbox 726 663 853 707; x_wconf 90' lang='lat' dir='ltr'>longus</span> <span class='ocrx_word' id='word_1_54' title='bbox 871 674 912 697; x_wconf 91' lang='lat' dir='ltr'>eo</span> <span class='ocrx_word' id='word_1_55' title='bbox 930 663 978 697; x_wconf 88' lang='lat' dir='ltr'>D.</span> <span class='ocrx_word' id='word_1_56' title='bbox 997 663 1170 705; x_wconf 58' lang='lat' dir='ltr'>fimbriam</span> <span class='ocrx_word' id='word_1_57' title='bbox 1191 669 1225 697; x_wconf 90' lang='lat' dir='ltr'>et</span> <span class='ocrx_word' id='word_1_58' title='bbox 1244 663 1291 697; x_wconf 92' lang='lat' dir='ltr'>D.</span> <span class='ocrx_word' id='word_1_59' title='bbox 1306 664 1429 697; x_wconf 76' lang='lat' dir='ltr'>criniti</span> <span class='ocrx_word' id='word_1_60' title='bbox 1452 663 1562 698; x_wconf 85' lang='lat' dir='ltr'>latior</span> <span class='ocrx_word' id='word_1_61' title='bbox 1583 669 1618 698; x_wconf 90' lang='lat' dir='ltr'>et</span> <span class='ocrx_word' id='word_1_62' title='bbox 1647 664 1800 708; x_wconf 85' lang='lat' dir='ltr'>longior.</span> <span class='ocrx_word' id='word_1_63' title='bbox 1819 664 1897 698; x_wconf 89' lang='lat' dir='ltr'>Hoc</span> 
     </span>
     <span class='ocr_line' id='line_1_9' title="bbox 340 710 1898 755; baseline -0.001 -10"><span class='ocrx_word' id='word_1_64' title='bbox 340 711 554 745; x_wconf 81' lang='lat' dir='ltr'><strong>charactere</strong></span> <span class='ocrx_word' id='word_1_65' title='bbox 583 710 628 745; x_wconf 86' lang='lat' dir='ltr'>ab</span> <span class='ocrx_word' id='word_1_66' title='bbox 655 718 821 753; x_wconf 84' lang='lat' dir='ltr'>utroque,</span> <span class='ocrx_word' id='word_1_67' title='bbox 845 710 1002 753; x_wconf 86' lang='lat' dir='ltr'>squamis</span> <span class='ocrx_word' id='word_1_68' title='bbox 1026 710 1258 753; x_wconf 80' lang='lat' dir='ltr'><strong>paucioribus</strong></span> <span class='ocrx_word' id='word_1_69' title='bbox 1281 721 1302 744; x_wconf 88' lang='lat' dir='ltr'>a</span> <span class='ocrx_word' id='word_1_70' title='bbox 1329 711 1460 754; x_wconf 87' lang='lat' dir='ltr'>priore,</span> <span class='ocrx_word' id='word_1_71' title='bbox 1486 711 1622 745; x_wconf 84' lang='lat' dir='ltr'>lamina</span> <span class='ocrx_word' id='word_1_72' title='bbox 1653 711 1830 755; x_wconf 82' lang='lat' dir='ltr'>ampliore</span> <span class='ocrx_word' id='word_1_73' title='bbox 1862 716 1898 746; x_wconf 87' lang='lat' dir='ltr'>et</span> 
     </span>
     <span class='ocr_line' id='line_1_10' title="bbox 339 757 1393 801; baseline -0.001 -9"><span class='ocrx_word' id='word_1_74' title='bbox 339 759 456 793; x_wconf 89' lang='lat' dir='ltr'>minus</span> <span class='ocrx_word' id='word_1_75' title='bbox 476 757 657 801; x_wconf 81' lang='lat' dir='ltr'><strong>profunde</strong></span> <span class='ocrx_word' id='word_1_76' title='bbox 673 758 919 801; x_wconf 77' lang='lat' dir='ltr'>multipartita</span> <span class='ocrx_word' id='word_1_77' title='bbox 936 768 958 791; x_wconf 85' lang='lat' dir='ltr'>a</span> <span class='ocrx_word' id='word_1_78' title='bbox 974 758 1176 801; x_wconf 88' lang='lat' dir='ltr'>posteriore</span> <span class='ocrx_word' id='word_1_79' title='bbox 1194 757 1393 792; x_wconf 86' lang='lat' dir='ltr'><strong>discedens.</strong></span> 
     </span>
    </p>
   </div>
   <div class='ocr_carea' id='block_1_5' title="bbox 216 872 839 921">
    <p class='ocr_par' dir='ltr' id='par_1_5' title="bbox 216 872 839 921">
     <span class='ocr_line' id='line_1_11' title="bbox 216 872 839 921; baseline 0 -8"><span class='ocrx_word' id='word_1_80' title='bbox 216 876 312 919; x_wconf 76' lang='lat'>496,</span> <span class='ocrx_word' id='word_1_81' title='bbox 347 874 406 913; x_wconf 89' lang='lat' dir='ltr'>D.</span> <span class='ocrx_word' id='word_1_82' title='bbox 431 873 679 921; x_wconf 85' lang='lat' dir='ltr'>crinitus,</span> <span class='ocrx_word' id='word_1_83' title='bbox 702 872 839 913; x_wconf 88' lang='lat' dir='ltr'>adde:</span> 
     </span>
    </p>
   </div>
   <div class='ocr_carea' id='block_1_6' title="bbox 386 958 1616 1004">
    <p class='ocr_par' dir='ltr' id='par_1_6' title="bbox 386 958 1616 1004">
     <span class='ocr_line' id='line_1_12' title="bbox 386 958 1616 1004; baseline 0 -11"><span class='ocrx_word' id='word_1_84' title='bbox 386 959 480 994; x_wconf 89' lang='lat' dir='ltr'>Hab.</span> <span class='ocrx_word' id='word_1_85' title='bbox 502 960 536 993; x_wconf 91' lang='lat' dir='ltr'>in</span> <span class='ocrx_word' id='word_1_86' title='bbox 555 959 728 1003; x_wconf 83' lang='lat' dir='ltr'><strong>lapidosis</strong></span> <span class='ocrx_word' id='word_1_87' title='bbox 746 964 782 994; x_wconf 88' lang='lat' dir='ltr'>et</span> <span class='ocrx_word' id='word_1_88' title='bbox 800 959 962 994; x_wconf 81' lang='lat' dir='ltr'>arenosis</span> <span class='ocrx_word' id='word_1_89' title='bbox 982 959 1102 994; x_wconf 89' lang='lat' dir='ltr'><strong>Rhodi</strong></span> <span class='ocrx_word' id='word_1_90' title='bbox 1122 969 1236 1003; x_wconf 87' lang='lat' dir='ltr'>prope</span> <span class='ocrx_word' id='word_1_91' title='bbox 1256 958 1408 994; x_wconf 87' lang='lat' dir='ltr'>Bastida</span> <span class='ocrx_word' id='word_1_92' title='bbox 1424 959 1616 1004; x_wconf 79' lang='lat' dir='ltr'>(Bourg.!).</span> 
     </span>
    </p>
   </div>
   <div class='ocr_carea' id='block_1_7' title="bbox 379 1022 1561 1139">
    <p class='ocr_par' dir='ltr' id='par_1_7' title="bbox 379 1022 1561 1139">
     <span class='ocr_line' id='line_1_13' title="bbox 379 1022 747 1078; baseline -0.003 -14"><span class='ocrx_word' id='word_1_93' title='bbox 379 1027 417 1078; x_wconf 80' lang='grc' dir='ltr'>β.</span> <span class='ocrx_word' id='word_1_94' title='bbox 450 1022 714 1064; x_wconf 78' lang='lat' dir='ltr'>tomentellus</span> <span class='ocrx_word' id='word_1_95' title='bbox 734 1039 747 1063; x_wconf 83' lang='grc'>.-</span> 
     </span>
     <span class='ocr_line' id='line_1_14' title="bbox 385 1093 1561 1139; baseline -0.001 -10"><span class='ocrx_word' id='word_1_96' title='bbox 385 1094 479 1129; x_wconf 88' lang='lat' dir='ltr'>Hab.</span> <span class='ocrx_word' id='word_1_97' title='bbox 500 1095 536 1129; x_wconf 92' lang='lat' dir='ltr'>in</span> <span class='ocrx_word' id='word_1_98' title='bbox 556 1094 653 1129; x_wconf 89' lang='lat' dir='ltr'>valle</span> <span class='ocrx_word' id='word_1_99' title='bbox 673 1094 809 1129; x_wconf 89' lang='lat' dir='ltr'>Kuram</span> <span class='ocrx_word' id='word_1_100' title='bbox 829 1093 1034 1139; x_wconf 80' lang='lat' dir='ltr'>Affghaniae</span> <span class='ocrx_word' id='word_1_101' title='bbox 1052 1104 1167 1138; x_wconf 85' lang='lat' dir='ltr'>prope</span> <span class='ocrx_word' id='word_1_102' title='bbox 1187 1094 1358 1130; x_wconf 86' lang='lat' dir='ltr'>Shalizan</span> <span class='ocrx_word' id='word_1_103' title='bbox 1379 1093 1561 1138; x_wconf 86' lang='lat' dir='ltr'>(Aitch.!).</span> 
     </span>
    </p>
   </div>
   <div class='ocr_carea' id='block_1_8' title="bbox 377 1157 789 1210">
    <p class='ocr_par' dir='ltr' id='par_1_8' title="bbox 377 1157 789 1210">
     <span class='ocr_line' id='line_1_15' title="bbox 377 1157 789 1210; baseline 0 -13"><span class='ocrx_word' id='word_1_104' title='bbox 377 1174 414 1210; x_wconf 81' lang='grc' dir='ltr'>γ.</span> <span class='ocrx_word' id='word_1_105' title='bbox 446 1157 754 1210; x_wconf 71' lang='lat' dir='ltr'>crossopetalus</span> <span class='ocrx_word' id='word_1_106' title='bbox 775 1172 789 1197; x_wconf 90' lang='lat'>.·</span> 
     </span>
    </p>
   </div>
   <div class='ocr_carea' id='block_1_9' title="bbox 338 1225 1900 1317">
    <p class='ocr_par' dir='ltr' id='par_1_9' title="bbox 338 1225 1900 1317">
     <span class='ocr_line' id='line_1_16' title="bbox 385 1225 1900 1270; baseline -0.001 -9"><span class='ocrx_word' id='word_1_107' title='bbox 385 1226 479 1261; x_wconf 89' lang='lat' dir='ltr'>Hab.</span> <span class='ocrx_word' id='word_1_108' title='bbox 494 1227 529 1260; x_wconf 91' lang='lat' dir='ltr'>in</span> <span class='ocrx_word' id='word_1_109' title='bbox 547 1226 775 1269; x_wconf 87' lang='lat' dir='ltr'>rupestribus</span> <span class='ocrx_word' id='word_1_110' title='bbox 792 1226 838 1260; x_wconf 90' lang='lat' dir='ltr'>ad</span> <span class='ocrx_word' id='word_1_111' title='bbox 856 1226 1010 1261; x_wconf 88' lang='lat' dir='ltr'>Dalechi</span> <span class='ocrx_word' id='word_1_112' title='bbox 1025 1226 1158 1260; x_wconf 89' lang='lat' dir='ltr'>Persiae</span> <span class='ocrx_word' id='word_1_113' title='bbox 1172 1226 1355 1269; x_wconf 85' lang='lat' dir='ltr'>australis,</span> <span class='ocrx_word' id='word_1_114' title='bbox 1374 1227 1505 1260; x_wconf 89' lang='lat' dir='ltr'>montis</span> <span class='ocrx_word' id='word_1_115' title='bbox 1520 1225 1590 1261; x_wconf 87' lang='lat' dir='ltr'>Sofi</span> <span class='ocrx_word' id='word_1_116' title='bbox 1609 1237 1724 1270; x_wconf 87' lang='lat' dir='ltr'>prope</span> <span class='ocrx_word' id='word_1_117' title='bbox 1742 1227 1900 1270; x_wconf 82' lang='lat' dir='ltr'>Ispahan</span> 
     </span>
     <span class='ocr_line' id='line_1_17' title="bbox 338 1273 1111 1317; baseline -0.001 -10"><span class='ocrx_word' id='word_1_118' title='bbox 338 1278 374 1307; x_wconf 85' lang='lat' dir='ltr'>et</span> <span class='ocrx_word' id='word_1_119' title='bbox 394 1274 430 1308; x_wconf 93' lang='lat' dir='ltr'>in</span> <span class='ocrx_word' id='word_1_120' title='bbox 450 1279 572 1308; x_wconf 90' lang='lat' dir='ltr'>monte</span> <span class='ocrx_word' id='word_1_121' title='bbox 591 1274 732 1308; x_wconf 84' lang='lat' dir='ltr'>Sawers</span> <span class='ocrx_word' id='word_1_122' title='bbox 752 1275 877 1308; x_wconf 88' lang='lat'>10000‘</span> <span class='ocrx_word' id='word_1_123' title='bbox 895 1273 1111 1317; x_wconf 87' lang='lat' dir='ltr'>(Haussk.!).</span> 
     </span>
    </p>
   </div>
   <div class='ocr_carea' id='block_1_10' title="bbox 214 1389 960 1439">
    <p class='ocr_par' dir='ltr' id='par_1_10' title="bbox 214 1389 960 1439">
     <span class='ocr_line' id='line_1_18' title="bbox 214 1389 960 1439; baseline 0 -9"><span class='ocrx_word' id='word_1_124' title='bbox 214 1392 310 1438; x_wconf 80' lang='lat'>496,</span> <span class='ocrx_word' id='word_1_125' title='bbox 344 1391 404 1430; x_wconf 92' lang='lat' dir='ltr'>D.</span> <span class='ocrx_word' id='word_1_126' title='bbox 425 1390 795 1439; x_wconf 80' lang='lat' dir='ltr'>Tabrisianus‚</span> <span class='ocrx_word' id='word_1_127' title='bbox 818 1389 928 1431; x_wconf 83' lang='lat' dir='ltr'>adde</span> <span class='ocrx_word' id='word_1_128' title='bbox 952 1402 960 1430; x_wconf 78' lang='grc' dir='ltr'>ε</span> 
     </span>
    </p>
   </div>
   <div class='ocr_carea' id='block_1_11' title="bbox 337 1478 1900 1570">
    <p class='ocr_par' dir='ltr' id='par_1_11' title="bbox 337 1478 1900 1570">
     <span class='ocr_line' id='line_1_19' title="bbox 337 1478 1900 1570; baseline 0.001 -58"><span class='ocrx_word' id='word_1_129' title='bbox 337 1478 544 1570; x_wconf 52' lang='lat' dir='ltr'>(Hilabkir&#39;i)</span> <span class='ocrx_word' id='word_1_130' title='bbox 565 1478 746 1514; x_wconf 88' lang='lat' dir='ltr'>montibus</span> <span class='ocrx_word' id='word_1_131' title='bbox 771 1479 905 1513; x_wconf 89' lang='lat' dir='ltr'>Persiae</span> <span class='ocrx_word' id='word_1_132' title='bbox 929 1478 1165 1513; x_wconf 85' lang='lat' dir='ltr'>occidentalis</span> <span class='ocrx_word' id='word_1_133' title='bbox 1193 1479 1286 1513; x_wconf 87' lang='lat' dir='ltr'>inter</span> <span class='ocrx_word' id='word_1_134' title='bbox 1315 1478 1473 1523; x_wconf 88' lang='lat' dir='ltr'>Dilegun</span> <span class='ocrx_word' id='word_1_135' title='bbox 1497 1484 1532 1513; x_wconf 89' lang='lat' dir='ltr'>et</span> <span class='ocrx_word' id='word_1_136' title='bbox 1559 1479 1739 1524; x_wconf 87' lang='lat' dir='ltr'>Maregun</span> <span class='ocrx_word' id='word_1_137' title='bbox 1773 1481 1900 1514; x_wconf 82' lang='lat'>10000&#39;</span> 
     </span>
     <span class='ocr_line' id='line_1_20' title="bbox 387 1536 557 1560; baseline 0 0"><span class='ocrx_word' id='word_1_138' title='bbox 387 1536 470 1560; x_wconf 88' lang='lat' dir='ltr'>auss</span> <span class='ocrx_word' id='word_1_139' title='bbox 502 1553 529 1560; x_wconf 91' lang='lat'>..</span> <span class='ocrx_word' id='word_1_140' title='bbox 551 1553 557 1560; x_wconf 93' lang='lat'><strong><em>.</em></strong></span> 
     </span>
    </p>
   </div>
   <div class='ocr_carea' id='block_1_12' title="bbox 212 1638 963 1688">
    <p class='ocr_par' dir='ltr' id='par_1_12' title="bbox 212 1638 963 1688">
     <span class='ocr_line' id='line_1_21' title="bbox 212 1638 963 1688; baseline -0.001 -7"><span class='ocrx_word' id='word_1_141' title='bbox 212 1643 309 1688; x_wconf 85' lang='lat'>497,</span> <span class='ocrx_word' id='word_1_142' title='bbox 343 1641 403 1680; x_wconf 93' lang='lat' dir='ltr'>D.</span> <span class='ocrx_word' id='word_1_143' title='bbox 425 1639 798 1688; x_wconf 68' lang='lat' dir='ltr'>macr-anthus,</span> <span class='ocrx_word' id='word_1_144' title='bbox 821 1638 930 1680; x_wconf 86' lang='lat' dir='ltr'>adde</span> <span class='ocrx_word' id='word_1_145' title='bbox 955 1651 963 1679; x_wconf 92' lang='lat'><strong>:</strong></span> 
     </span>
    </p>
   </div>
   <div class='ocr_carea' id='block_1_13' title="bbox 336 1727 1896 1866">
    <p class='ocr_par' dir='ltr' id='par_1_13' title="bbox 336 1727 1896 1866">
     <span class='ocr_line' id='line_1_22' title="bbox 381 1727 1896 1772; baseline 0 -9"><span class='ocrx_word' id='word_1_146' title='bbox 381 1728 473 1763; x_wconf 86' lang='lat' dir='ltr'>Hab.</span> <span class='ocrx_word' id='word_1_147' title='bbox 492 1729 527 1762; x_wconf 90' lang='lat' dir='ltr'>in</span> <span class='ocrx_word' id='word_1_148' title='bbox 547 1728 776 1772; x_wconf 87' lang='lat' dir='ltr'>rupestribus</span> <span class='ocrx_word' id='word_1_149' title='bbox 795 1728 927 1763; x_wconf 89' lang='lat' dir='ltr'>montis</span> <span class='ocrx_word' id='word_1_150' title='bbox 941 1727 1024 1762; x_wconf 86' lang='lat' dir='ltr'>Kuh</span> <span class='ocrx_word' id='word_1_151' title='bbox 1045 1728 1193 1772; x_wconf 88' lang='lat' dir='ltr'>kiluyeh</span> <span class='ocrx_word' id='word_1_152' title='bbox 1214 1738 1329 1771; x_wconf 87' lang='lat' dir='ltr'>prope</span> <span class='ocrx_word' id='word_1_153' title='bbox 1342 1727 1501 1763; x_wconf 86' lang='lat' dir='ltr'>Tchinar</span> <span class='ocrx_word' id='word_1_154' title='bbox 1518 1732 1552 1763; x_wconf 86' lang='lat' dir='ltr'>et</span> <span class='ocrx_word' id='word_1_155' title='bbox 1567 1728 1741 1762; x_wconf 86' lang='lat' dir='ltr'>montium</span> <span class='ocrx_word' id='word_1_156' title='bbox 1754 1729 1896 1764; x_wconf 88' lang='lat' dir='ltr'>Sawers</span> 
     </span>
     <span class='ocr_line' id='line_1_23' title="bbox 336 1775 1331 1820; baseline -0.001 -10"><span class='ocrx_word' id='word_1_157' title='bbox 336 1781 372 1811; x_wconf 88' lang='lat' dir='ltr'>et</span> <span class='ocrx_word' id='word_1_158' title='bbox 392 1776 549 1820; x_wconf 87' lang='lat' dir='ltr'>Dilegun</span> <span class='ocrx_word' id='word_1_159' title='bbox 571 1776 703 1810; x_wconf 85' lang='lat' dir='ltr'>Persiae</span> <span class='ocrx_word' id='word_1_160' title='bbox 722 1775 976 1810; x_wconf 85' lang='lat' dir='ltr'>austro-occid.</span> <span class='ocrx_word' id='word_1_161' title='bbox 994 1777 1098 1810; x_wconf 81' lang='lat'>9000‘</span> <span class='ocrx_word' id='word_1_162' title='bbox 1114 1775 1331 1815; x_wconf 68' lang='lat' dir='ltr'>(Haussk.!).</span> 
     </span>
     <span class='ocr_line' id='line_1_24' title="bbox 382 1822 1407 1866; baseline -0.001 -9"><span class='ocrx_word' id='word_1_163' title='bbox 382 1823 509 1858; x_wconf 86' lang='lat' dir='ltr'>Flores</span> <span class='ocrx_word' id='word_1_164' title='bbox 529 1823 623 1857; x_wconf 82' lang='lat' dir='ltr'>rosei</span> <span class='ocrx_word' id='word_1_165' title='bbox 644 1823 908 1857; x_wconf 80' lang='lat' dir='ltr'>suaveolentes.</span> <span class='ocrx_word' id='word_1_166' title='bbox 926 1822 1055 1857; x_wconf 88' lang='lat' dir='ltr'>Variat</span> <span class='ocrx_word' id='word_1_167' title='bbox 1075 1823 1234 1866; x_wconf 81' lang='lat' dir='ltr'>squamis</span> <span class='ocrx_word' id='word_1_168' title='bbox 1255 1823 1407 1857; x_wconf 90' lang='lat' dir='ltr'>octonis.</span> 
     </span>
    </p>
   </div>
   <div class='ocr_carea' id='block_1_14' title="bbox 210 1935 1091 1989">
    <p class='ocr_par' dir='ltr' id='par_1_14' title="bbox 210 1935 1091 1989">
     <span class='ocr_line' id='line_1_25' title="bbox 210 1935 1091 1989; baseline -0.002 -11"><span class='ocrx_word' id='word_1_169' title='bbox 210 1939 306 1985; x_wconf 81' lang='lat'>498,</span> <span class='ocrx_word' id='word_1_170' title='bbox 337 1940 433 1989; x_wconf 90' lang='lat' dir='ltr'>post</span> <span class='ocrx_word' id='word_1_171' title='bbox 454 1937 514 1977; x_wconf 90' lang='lat' dir='ltr'>D.</span> <span class='ocrx_word' id='word_1_172' title='bbox 537 1935 901 1988; x_wconf 81' lang='lat' dir='ltr'>polylepidem</span> <span class='ocrx_word' id='word_1_173' title='bbox 921 1936 1058 1977; x_wconf 89' lang='lat' dir='ltr'>insere</span> <span class='ocrx_word' id='word_1_174' title='bbox 1082 1948 1091 1977; x_wconf 92' lang='lat'>:</span> 
     </span>
    </p>
   </div>
   <div class='ocr_carea' id='block_1_15' title="bbox 318 2023 1898 2395">
    <p class='ocr_par' dir='ltr' id='par_1_15' title="bbox 318 2023 1898 2395">
     <span class='ocr_line' id='line_1_26' title="bbox 376 2023 1897 2077; baseline -0.001 -12"><span class='ocrx_word' id='word_1_175' title='bbox 376 2027 435 2066; x_wconf 88' lang='lat' dir='ltr'>D.</span> <span class='ocrx_word' id='word_1_176' title='bbox 458 2024 829 2073; x_wconf 85' lang='lat' dir='ltr'>sessilissorus‚</span> <span class='ocrx_word' id='word_1_177' title='bbox 851 2024 1109 2077; x_wconf 84' lang='lat' dir='ltr'>caespitosus,</span> <span class='ocrx_word' id='word_1_178' title='bbox 1126 2023 1232 2065; x_wconf 86' lang='lat' dir='ltr'>foliis</span> <span class='ocrx_word' id='word_1_179' title='bbox 1247 2024 1438 2064; x_wconf 86' lang='lat' dir='ltr'>omnibus</span> <span class='ocrx_word' id='word_1_180' title='bbox 1453 2023 1707 2065; x_wconf 85' lang='lat' dir='ltr'>radicalibus</span> <span class='ocrx_word' id='word_1_181' title='bbox 1724 2035 1897 2075; x_wconf 83' lang='lat' dir='ltr'>conges-</span> 
     </span>
     <span class='ocr_line' id='line_1_27' title="bbox 320 2076 1895 2119; baseline -0.001 0"><span class='ocrx_word' id='word_1_182' title='bbox 320 2079 375 2119; x_wconf 86' lang='lat' dir='ltr'>tis</span> <span class='ocrx_word' id='word_1_183' title='bbox 410 2078 637 2119; x_wconf 81' lang='lat' dir='ltr'>linearibus</span> <span class='ocrx_word' id='word_1_184' title='bbox 675 2077 931 2119; x_wconf 85' lang='lat' dir='ltr'>brevissimis</span> <span class='ocrx_word' id='word_1_185' title='bbox 971 2077 1121 2118; x_wconf 85' lang='lat' dir='ltr'>subtus</span> <span class='ocrx_word' id='word_1_186' title='bbox 1159 2077 1354 2118; x_wconf 89' lang='lat' dir='ltr'>elevatim</span> <span class='ocrx_word' id='word_1_187' title='bbox 1397 2077 1608 2118; x_wconf 85' lang='lat' dir='ltr'>trinerviis</span> <span class='ocrx_word' id='word_1_188' title='bbox 1645 2076 1895 2118; x_wconf 85' lang='lat' dir='ltr'>scabridulis</span> 
     </span>
     <span class='ocr_line' id='line_1_28' title="bbox 318 2129 1896 2182; baseline -0.001 -10"><span class='ocrx_word' id='word_1_189' title='bbox 318 2131 528 2180; x_wconf 88' lang='lat' dir='ltr'>flexuosis,</span> <span class='ocrx_word' id='word_1_190' title='bbox 553 2130 726 2172; x_wconf 86' lang='lat' dir='ltr'>floribus</span> <span class='ocrx_word' id='word_1_191' title='bbox 753 2130 797 2171; x_wconf 90' lang='lat' dir='ltr'>in</span> <span class='ocrx_word' id='word_1_192' title='bbox 825 2130 995 2182; x_wconf 76' lang='lat' dir='ltr'>caespite</span> <span class='ocrx_word' id='word_1_193' title='bbox 1023 2130 1317 2171; x_wconf 87' lang='lat' dir='ltr'>subsessilibus</span> <span class='ocrx_word' id='word_1_194' title='bbox 1345 2129 1557 2178; x_wconf 86' lang='lat' dir='ltr'>solitariis,</span> <span class='ocrx_word' id='word_1_195' title='bbox 1580 2130 1765 2182; x_wconf 89' lang='lat' dir='ltr'>squamis</span> <span class='ocrx_word' id='word_1_196' title='bbox 1785 2129 1896 2182; x_wconf 85' lang='lat' dir='ltr'>caly-</span> 
     </span>
     <span class='ocr_line' id='line_1_29' title="bbox 319 2182 1894 2236; baseline -0.001 -11"><span class='ocrx_word' id='word_1_197' title='bbox 319 2185 422 2225; x_wconf 85' lang='lat' dir='ltr'>cinis</span> <span class='ocrx_word' id='word_1_198' title='bbox 455 2183 670 2236; x_wconf 89' lang='lat' dir='ltr'>quaternis</span> <span class='ocrx_word' id='word_1_199' title='bbox 705 2183 950 2224; x_wconf 86' lang='lat' dir='ltr'>lanceolatis</span> <span class='ocrx_word' id='word_1_200' title='bbox 991 2182 1366 2235; x_wconf 84' lang='lat' dir='ltr'>albo-marginatis</span> <span class='ocrx_word' id='word_1_201' title='bbox 1402 2183 1894 2224; x_wconf 86' lang='lat' dir='ltr'>attenuato-acuminatis</span> 
     </span>
     <span class='ocr_line' id='line_1_30' title="bbox 319 2234 1897 2289; baseline -0.001 -12"><span class='ocrx_word' id='word_1_202' title='bbox 319 2237 462 2289; x_wconf 86' lang='lat' dir='ltr'>calyce</span> <span class='ocrx_word' id='word_1_203' title='bbox 482 2236 606 2289; x_wconf 88' lang='lat' dir='ltr'>triplo</span> <span class='ocrx_word' id='word_1_204' title='bbox 625 2236 901 2285; x_wconf 87' lang='lat' dir='ltr'>brevioribus,</span> <span class='ocrx_word' id='word_1_205' title='bbox 924 2236 1077 2289; x_wconf 82' lang='lat' dir='ltr'>calycis</span> <span class='ocrx_word' id='word_1_206' title='bbox 1098 2240 1225 2277; x_wconf 83' lang='lat' dir='ltr'>tenue</span> <span class='ocrx_word' id='word_1_207' title='bbox 1245 2235 1460 2289; x_wconf 84' lang='lat' dir='ltr'>cylindrici</span> <span class='ocrx_word' id='word_1_208' title='bbox 1476 2235 1741 2276; x_wconf 86' lang='lat' dir='ltr'>multistriati</span> <span class='ocrx_word' id='word_1_209' title='bbox 1762 2234 1897 2276; x_wconf 90' lang='lat' dir='ltr'>denti-</span> 
     </span>
     <span class='ocr_line' id='line_1_31' title="bbox 319 2288 1898 2341; baseline 0 -12"><span class='ocrx_word' id='word_1_210' title='bbox 319 2290 398 2331; x_wconf 84' lang='lat' dir='ltr'>bus</span> <span class='ocrx_word' id='word_1_211' title='bbox 426 2289 670 2331; x_wconf 86' lang='lat' dir='ltr'>lanceolatis</span> <span class='ocrx_word' id='word_1_212' title='bbox 695 2293 875 2341; x_wconf 86' lang='lat' dir='ltr'>anguste</span> <span class='ocrx_word' id='word_1_213' title='bbox 900 2289 1264 2341; x_wconf 81' lang='lat' dir='ltr'>albo—marginatis</span> <span class='ocrx_word' id='word_1_214' title='bbox 1295 2289 1444 2337; x_wconf 85' lang='lat' dir='ltr'>acutis,</span> <span class='ocrx_word' id='word_1_215' title='bbox 1475 2288 1711 2340; x_wconf 87' lang='lat' dir='ltr'>petalorum</span> <span class='ocrx_word' id='word_1_216' title='bbox 1740 2288 1898 2329; x_wconf 74' lang='lat' dir='ltr'>lamina</span> 
     </span>
     <span class='ocr_line' id='line_1_32' title="bbox 318 2340 1893 2395; baseline -0.001 -11"><span class='ocrx_word' id='word_1_217' title='bbox 318 2343 416 2384; x_wconf 78' lang='lat' dir='ltr'>alba</span> <span class='ocrx_word' id='word_1_218' title='bbox 427 2342 682 2395; x_wconf 78' lang='lat' dir='ltr'>glaberrima</span> <span class='ocrx_word' id='word_1_219' title='bbox 694 2344 824 2395; x_wconf 78' lang='lat' dir='ltr'>parva</span> <span class='ocrx_word' id='word_1_220' title='bbox 837 2341 1281 2394; x_wconf 76' lang='lat' dir='ltr'>oblongo-spathulata</span> <span class='ocrx_word' id='word_1_221' title='bbox 1293 2341 1407 2382; x_wconf 69' lang='lat' dir='ltr'>ultra</span> <span class='ocrx_word' id='word_1_222' title='bbox 1416 2341 1601 2382; x_wconf 80' lang='lat' dir='ltr'>medium</span> <span class='ocrx_word' id='word_1_223' title='bbox 1615 2340 1825 2382; x_wconf 73' lang='lat' dir='ltr'>multifida</span> <span class='ocrx_word' id='word_1_224' title='bbox 1835 2345 1873 2389; x_wconf 65' lang='lat' dir='ltr'>Ql</span> <span class='ocrx_word' id='word_1_225' title='bbox 1884 2373 1893 2382; x_wconf 91' lang='lat'>.</span> 
     </span>
    </p>
   </div>
   <div class='ocr_carea' id='block_1_16' title="bbox 379 2411 1565 2457">
    <p class='ocr_par' dir='ltr' id='par_1_16' title="bbox 379 2411 1565 2457">
     <span class='ocr_line' id='line_1_33' title="bbox 379 2411 1565 2457; baseline -0.002 -9"><span class='ocrx_word' id='word_1_226' title='bbox 379 2413 473 2448; x_wconf 89' lang='lat' dir='ltr'>Hab.</span> <span class='ocrx_word' id='word_1_227' title='bbox 490 2413 526 2448; x_wconf 92' lang='lat' dir='ltr'>in</span> <span class='ocrx_word' id='word_1_228' title='bbox 547 2413 733 2448; x_wconf 83' lang='lat' dir='ltr'>cacumine</span> <span class='ocrx_word' id='word_1_229' title='bbox 748 2413 880 2447; x_wconf 90' lang='lat' dir='ltr'>montis</span> <span class='ocrx_word' id='word_1_230' title='bbox 896 2412 1127 2457; x_wconf 73' lang='lat' dir='ltr'>Bingoldagh</span> <span class='ocrx_word' id='word_1_231' title='bbox 1148 2412 1331 2447; x_wconf 75' lang='lat' dir='ltr'>Armeniae</span> <span class='ocrx_word' id='word_1_232' title='bbox 1353 2411 1435 2457; x_wconf 85' lang='lat' dir='ltr'><strong>(Ky.</strong></span> <span class='ocrx_word' id='word_1_233' title='bbox 1453 2412 1565 2456; x_wconf 75' lang='lat'>9092).</span> 
     </span>
    </p>
   </div>
   <div class='ocr_carea' id='block_1_17' title="bbox 330 2474 1893 2662">
    <p class='ocr_par' dir='ltr' id='par_1_17' title="bbox 330 2474 1893 2662">
     <span class='ocr_line' id='line_1_34' title="bbox 379 2474 1893 2521; baseline -0.002 -9"><span class='ocrx_word' id='word_1_234' title='bbox 379 2478 524 2521; x_wconf 91' lang='lat' dir='ltr'>Species</span> <span class='ocrx_word' id='word_1_235' title='bbox 554 2478 705 2521; x_wconf 87' lang='lat' dir='ltr'>insignis</span> <span class='ocrx_word' id='word_1_236' title='bbox 736 2477 841 2511; x_wconf 88' lang='lat' dir='ltr'>unico</span> <span class='ocrx_word' id='word_1_237' title='bbox 868 2477 1061 2521; x_wconf 88' lang='lat' dir='ltr'>specimine</span> <span class='ocrx_word' id='word_1_238' title='bbox 1092 2476 1179 2511; x_wconf 88' lang='lat' dir='ltr'>mihi</span> <span class='ocrx_word' id='word_1_239' title='bbox 1211 2482 1298 2510; x_wconf 85' lang='lat' dir='ltr'>nota</span> <span class='ocrx_word' id='word_1_240' title='bbox 1330 2476 1462 2520; x_wconf 88' lang='lat' dir='ltr'>petalis</span> <span class='ocrx_word' id='word_1_241' title='bbox 1490 2474 1672 2520; x_wconf 83' lang='lat' dir='ltr'>profunde</span> <span class='ocrx_word' id='word_1_242' title='bbox 1703 2474 1893 2510; x_wconf 84' lang='lat' dir='ltr'>multifidis</span> 
     </span>
     <span class='ocr_line' id='line_1_35' title="bbox 330 2522 1892 2569; baseline -0.002 -10"><span class='ocrx_word' id='word_1_243' title='bbox 330 2526 427 2559; x_wconf 89' lang='lat' dir='ltr'>inter</span> <span class='ocrx_word' id='word_1_244' title='bbox 440 2525 663 2559; x_wconf 68' lang='lat' dir='ltr'>Fimbriatos</span> <span class='ocrx_word' id='word_1_245' title='bbox 675 2524 846 2568; x_wconf 82' lang='lat' dir='ltr'>militans,</span> <span class='ocrx_word' id='word_1_246' title='bbox 864 2525 1026 2569; x_wconf 81' lang='lat' dir='ltr'>quamvis</span> <span class='ocrx_word' id='word_1_247' title='bbox 1043 2523 1192 2558; x_wconf 89' lang='lat' dir='ltr'>floribus</span> <span class='ocrx_word' id='word_1_248' title='bbox 1212 2524 1247 2558; x_wconf 93' lang='lat' dir='ltr'>in</span> <span class='ocrx_word' id='word_1_249' title='bbox 1268 2524 1415 2568; x_wconf 76' lang='lat' dir='ltr'>caespite</span> <span class='ocrx_word' id='word_1_250' title='bbox 1430 2523 1507 2558; x_wconf 88' lang='lat' dir='ltr'>fere</span> <span class='ocrx_word' id='word_1_251' title='bbox 1520 2522 1706 2557; x_wconf 87' lang='lat' dir='ltr'>sessilibus</span> <span class='ocrx_word' id='word_1_252' title='bbox 1720 2522 1765 2557; x_wconf 85' lang='lat' dir='ltr'>ab</span> <span class='ocrx_word' id='word_1_253' title='bbox 1782 2523 1892 2556; x_wconf 89' lang='lat' dir='ltr'>omni-</span> 
     </span>
     <span class='ocr_line' id='line_1_36' title="bbox 330 2569 1892 2615; baseline -0.001 -10"><span class='ocrx_word' id='word_1_254' title='bbox 330 2572 397 2606; x_wconf 85' lang='lat' dir='ltr'>bus</span> <span class='ocrx_word' id='word_1_255' title='bbox 417 2572 527 2615; x_wconf 86' lang='lat' dir='ltr'>hujus</span> <span class='ocrx_word' id='word_1_256' title='bbox 543 2572 713 2606; x_wconf 88' lang='lat' dir='ltr'>sectionis</span> <span class='ocrx_word' id='word_1_257' title='bbox 736 2572 867 2606; x_wconf 82' lang='lat' dir='ltr'>aliena.</span> <span class='ocrx_word' id='word_1_258' title='bbox 885 2572 990 2606; x_wconf 85' lang='lat' dir='ltr'>Folia</span> <span class='ocrx_word' id='word_1_259' title='bbox 1010 2573 1070 2606; x_wconf 88' lang='lat'>5-6</span> <span class='ocrx_word' id='word_1_260' title='bbox 1087 2571 1201 2606; x_wconf 87' lang='lat' dir='ltr'>lineas</span> <span class='ocrx_word' id='word_1_261' title='bbox 1222 2571 1342 2615; x_wconf 83' lang='lat' dir='ltr'>longa,</span> <span class='ocrx_word' id='word_1_262' title='bbox 1361 2571 1465 2615; x_wconf 86' lang='lat' dir='ltr'>calyx</span> <span class='ocrx_word' id='word_1_263' title='bbox 1484 2572 1504 2604; x_wconf 91' lang='lat'><strong>7</strong></span> <span class='ocrx_word' id='word_1_264' title='bbox 1528 2570 1643 2605; x_wconf 87' lang='lat' dir='ltr'>lineas</span> <span class='ocrx_word' id='word_1_265' title='bbox 1663 2570 1793 2614; x_wconf 88' lang='lat' dir='ltr'>longus</span> <span class='ocrx_word' id='word_1_266' title='bbox 1817 2569 1892 2604; x_wconf 78' lang='lat' dir='ltr'>dia-</span> 
     </span>
     <span class='ocr_line' id='line_1_37' title="bbox 332 2616 1767 2662; baseline -0.001 -9"><span class='ocrx_word' id='word_1_267' title='bbox 332 2625 447 2654; x_wconf 87' lang='lat' dir='ltr'>metro</span> <span class='ocrx_word' id='word_1_268' title='bbox 462 2619 520 2653; x_wconf 85' lang='lat' dir='ltr'>vix</span> <span class='ocrx_word' id='word_1_269' title='bbox 542 2619 637 2653; x_wconf 85' lang='lat' dir='ltr'>linea</span> <span class='ocrx_word' id='word_1_270' title='bbox 657 2621 728 2653; x_wconf 78' lang='lat' dir='ltr'>una</span> <span class='ocrx_word' id='word_1_271' title='bbox 746 2619 866 2662; x_wconf 85' lang='lat' dir='ltr'>latior,</span> <span class='ocrx_word' id='word_1_272' title='bbox 884 2619 1019 2653; x_wconf 86' lang='lat' dir='ltr'>lamina</span> <span class='ocrx_word' id='word_1_273' title='bbox 1033 2620 1093 2653; x_wconf 88' lang='grc'>2-2</span> <span class='ocrx_word' id='word_1_274' title='bbox 1108 2619 1142 2660; x_wconf 71' lang='grc'>’14</span> <span class='ocrx_word' id='word_1_275' title='bbox 1164 2618 1225 2654; x_wconf 90' lang='lat' dir='ltr'>lin.</span> <span class='ocrx_word' id='word_1_276' title='bbox 1246 2618 1356 2662; x_wconf 84' lang='lat' dir='ltr'>longa</span> <span class='ocrx_word' id='word_1_277' title='bbox 1376 2617 1558 2662; x_wconf 86' lang='lat' dir='ltr'>profunde</span> <span class='ocrx_word' id='word_1_278' title='bbox 1576 2616 1767 2651; x_wconf 80' lang='lat' dir='ltr'>multifida.</span> 
     </span>
    </p>
   </div>
   <div class='ocr_carea' id='block_1_18' title="bbox 206 2730 1893 2871">
    <p class='ocr_par' dir='ltr' id='par_1_18' title="bbox 206 2730 1893 2871">
     <span class='ocr_line' id='line_1_38' title="bbox 206 2730 870 2783; baseline 0 -11"><span class='ocrx_word' id='word_1_279' title='bbox 206 2732 304 2780; x_wconf 75' lang='lat'>499,</span> <span class='ocrx_word' id='word_1_280' title='bbox 339 2732 397 2772; x_wconf 91' lang='lat' dir='ltr'>D.</span> <span class='ocrx_word' id='word_1_281' title='bbox 421 2731 707 2783; x_wconf 83' lang='lat' dir='ltr'>pendulus,</span> <span class='ocrx_word' id='word_1_282' title='bbox 730 2730 839 2772; x_wconf 87' lang='lat' dir='ltr'>adde</span> <span class='ocrx_word' id='word_1_283' title='bbox 861 2744 870 2772; x_wconf 76' lang='grc' dir='ltr'>ε</span> 
     </span>
     <span class='ocr_line' id='line_1_39' title="bbox 377 2823 1893 2871; baseline -0.002 -10"><span class='ocrx_word' id='word_1_284' title='bbox 377 2825 471 2861; x_wconf 87' lang='lat' dir='ltr'>Hah.</span> <span class='ocrx_word' id='word_1_285' title='bbox 483 2825 530 2861; x_wconf 88' lang='lat' dir='ltr'>ad</span> <span class='ocrx_word' id='word_1_286' title='bbox 542 2826 702 2871; x_wconf 81' lang='lat' dir='ltr'>parietes</span> <span class='ocrx_word' id='word_1_287' title='bbox 713 2826 820 2861; x_wconf 83' lang='lat' dir='ltr'>vallis</span> <span class='ocrx_word' id='word_1_288' title='bbox 831 2825 1042 2861; x_wconf 87' lang='lat' dir='ltr'>Kadischah</span> <span class='ocrx_word' id='word_1_289' title='bbox 1056 2825 1186 2861; x_wconf 88' lang='lat' dir='ltr'>Libani</span> <span class='ocrx_word' id='word_1_290' title='bbox 1199 2825 1294 2860; x_wconf 85' lang='lat' dir='ltr'>infra</span> <span class='ocrx_word' id='word_1_291' title='bbox 1309 2825 1491 2860; x_wconf 73' lang='lat' dir='ltr'>Becher-re</span> <span class='ocrx_word' id='word_1_292' title='bbox 1502 2827 1635 2860; x_wconf 86' lang='lat'>3-3600</span> <span class='ocrx_word' id='word_1_293' title='bbox 1645 2823 1893 2868; x_wconf 69' lang='lat' dir='ltr'>(Schweinffl).</span> 
     </span>
    </p>
   </div>
   <div class='ocr_carea' id='block_1_19' title="bbox 207 2941 1886 3079">
    <p class='ocr_par' dir='ltr' id='par_1_19' title="bbox 207 2941 1886 3079">
     <span class='ocr_line' id='line_1_40' title="bbox 207 2941 1144 2994; baseline -0.002 -11"><span class='ocrx_word' id='word_1_294' title='bbox 207 2946 304 2991; x_wconf 77' lang='lat'>500,</span> <span class='ocrx_word' id='word_1_295' title='bbox 333 2944 429 2994; x_wconf 91' lang='lat' dir='ltr'>post</span> <span class='ocrx_word' id='word_1_296' title='bbox 447 2941 506 2982; x_wconf 89' lang='lat' dir='ltr'>D.</span> <span class='ocrx_word' id='word_1_297' title='bbox 530 2941 955 2992; x_wconf 85' lang='lat' dir='ltr'>actinopetalum</span> <span class='ocrx_word' id='word_1_298' title='bbox 973 2941 1111 2982; x_wconf 87' lang='lat' dir='ltr'>insere</span> <span class='ocrx_word' id='word_1_299' title='bbox 1135 2952 1144 2981; x_wconf 93' lang='lat'>:</span> 
     </span>
     <span class='ocr_line' id='line_1_41' title="bbox 371 3025 1886 3079; baseline -0.002 -10"><span class='ocrx_word' id='word_1_300' title='bbox 371 3030 431 3069; x_wconf 92' lang='lat' dir='ltr'>D.</span> <span class='ocrx_word' id='word_1_301' title='bbox 455 3028 718 3069; x_wconf 79' lang='lat' dir='ltr'>Mercurii</span> <span class='ocrx_word' id='word_1_302' title='bbox 737 3026 904 3079; x_wconf 87' lang='lat' dir='ltr'>(Heldr.</span> <span class='ocrx_word' id='word_1_303' title='bbox 928 3026 1083 3068; x_wconf 89' lang='lat' dir='ltr'>Sertul.</span> <span class='ocrx_word' id='word_1_304' title='bbox 1112 3027 1153 3067; x_wconf 88' lang='lat' dir='ltr'>in</span> <span class='ocrx_word' id='word_1_305' title='bbox 1186 3026 1274 3068; x_wconf 90' lang='lat' dir='ltr'>Atti</span> <span class='ocrx_word' id='word_1_306' title='bbox 1301 3025 1456 3079; x_wconf 85' lang='lat' dir='ltr'>Congr.</span> <span class='ocrx_word' id='word_1_307' title='bbox 1488 3025 1574 3067; x_wconf 88' lang='lat' dir='ltr'>Fir.</span> <span class='ocrx_word' id='word_1_308' title='bbox 1607 3027 1723 3075; x_wconf 82' lang='lat'>1874,</span> <span class='ocrx_word' id='word_1_309' title='bbox 1746 3037 1787 3078; x_wconf 87' lang='lat' dir='ltr'>p.</span> <span class='ocrx_word' id='word_1_310' title='bbox 1819 3025 1886 3076; x_wconf 88' lang='lat'>13)</span> 
     </span>
    </p>
   </div>
  </div>
 </body>
</html>
