2115 3250
196 241 416 286 Astrayalus.
901 249 1153 273 LEGUMINOSAE.
1802 239 1866 273 175

196 321 264 355 Pag.

299 383 448 412 nomen
470 371 693 423 antiquius,
716 369 790 411 sed
810 369 864 410 ad
884 369 1167 411 confusionem
1197 369 1412 410 vitandam
1432 373 1607 421 praestat
1634 381 1781 410 nomen
1810 370 1859 410 cl.

301 424 547 475 Ehrenberg
573 435 753 464 servare.

196 566 286 610 227,
317 563 375 601 A.
398 560 747 608 sesamoideS,
770 559 878 601 adde
901 573 908 600 :

356 648 451 683 Hab.
472 649 508 683 in
527 649 651 683 Persia
671 658 785 692 prope
802 646 994 682 Hamadan
1016 647 1131 691 (herb.
1150 647 1263 681 Boiss.
1276 648 1310 690 !).

196 786 286 830 230,
316 783 374 822 A.
397 781 701 822 falcinellus
724 794 732 821 :

358 870 462 905 Circa
479 869 655 904 Kahiram
672 879 787 913 nuper
807 879 879 903 non
895 869 1026 903 iterum
1045 868 1172 903 lectus.
1193 869 1372 904 Caeterum
1393 878 1437 903 ex
1457 868 1502 902 cl.
1521 867 1727 902 Ascherson
1744 868 1779 901 in
1797 867 1867 901 litt.

312 917 357 951 ab
384 917 430 951 A.
457 916 666 960 eremophilo
691 926 820 959 parum
850 915 1040 950 distinctus
1065 920 1118 950 est
1144 915 1239 959 pube
1265 915 1505 959 adpressiore,
1535 914 1700 949 caulibus
1728 914 1868 948 inferne

312 964 614 1045 {ssfffflgffisgffiitsg
631 962 767 1044 {Ji-ligus
787 964 908 1007 potius
929 962 1065 997 obtusis
1083 973 1190 1006 quam
1205 963 1336 997 retusis
1352 968 1387 997 et
1404 961 1644 1006 probabiliter
1659 961 1737 1005 ejus
1753 961 1869 995 forma

197 1146 287 1191 230,
318 1143 375 1182 A.
399 1142 780 1193 eremophilus,
804 1141 912 1183 adde
937 1155 944 1182 :

357 1229 449 1263 Hab.
470 1229 506 1263 in
527 1229 612 1263 Oasi
627 1230 757 1273 magna
773 1228 820 1263 ad
841 1229 925 1263 Mex
947 1227 1149 1272 (Schweinf.
1173 1228 1283 1272 1381).

197 1362 286 1406 231,
320 1359 376 1398 A.
409 1358 814 1409 hippocrepidis
845 1371 853 1399 :
889 1370 938 1399 ex
971 1358 1264 1410 speciminibus
1296 1357 1414 1398 vallis
1448 1357 1608 1398 Kuram
1637 1356 1869 1409 Affghaniae

300 1411 455 1463 (Aitch.
480 1414 528 1452 52
550 1411 652 1457 etc.)
673 1411 762 1452 baee
781 1411 939 1463 species
959 1410 1171 1451 interdum
1191 1410 1395 1463 perdurat
1410 1414 1453 1451 et
1472 1421 1707 1463 perennans
1725 1409 1773 1450 fit
1792 1411 1868 1451 sub

298 1464 376 1505 hae
396 1463 530 1504 forma
549 1465 591 1504 in
611 1463 798 1505 subserie
818 1463 964 1505 Phanai
983 1462 1069 1504 fere
1089 1463 1288 1504 militans.

197 1605 288 1651 232,
319 1603 377 1642 A.
400 1605 741 1654 corrugatus‚
765 1601 872 1643 adde
894 1615 902 1642 :

358 1689 452 1724 Hab.
474 1689 510 1723 in
528 1689 614 1724 Oasi
634 1689 752 1724 Dachl
772 1689 907 1724 deserti
926 1689 1051 1734 Libyci
1072 1690 1223 1734 AEgypti
1245 1689 1428 1733 (Aschers.
1447 1692 1514 1724 400
1524 1690 1556 1733 !).

199 1825 289 1871 234,
320 1823 377 1862 A.
399 1821 715 1870 trimestris,
738 1820 846 1862 adde
868 1834 876 1861 :

359 1907 451 1943 Hab.
470 1907 517 1943 ad
536 1908 688 1943 Ramses
706 1918 820 1952 prope
836 1907 1098 1943 Alexandriam
1114 1908 1299 1952 (Letourn.
1317 1909 1361 1942 49
1376 1907 1441 1942 sub
1459 1908 1504 1942 A.
1520 1907 1662 1942 hamoso
1682 1918 1757 1942 var.
1769 1908 1802 1951 !)‚
1823 1907 1870 1942 ad

311 1955 358 1989 El
379 1955 521 2000 Arysch
541 1954 587 1990 ad
607 1955 813 1989 Palaestinae
834 1954 923 1990 fines
945 1955 1145 2000 (Barbey!).
1166 1956 1311 2000 Species
1331 1965 1427 1990 rara.

200 2090 291 2135 238,
323 2088 382 2127 A.
403 2088 787 2138 brachyceraS,
809 2086 943 2128 adde:

358 2174 453 2210 Hab.
485 2175 521 2209 in
550 2175 711 2220 AEgypto
739 2175 835 2210 circa
868 2174 1128 2210 Alexandriam
1160 2175 1377 2220 (Ehrenb.!),
1409 2175 1456 2211 ad
1489 2176 1648 2211 Mariout
1685 2176 1872 2220 (Letourn.

316 2223 426 2266 1902),
446 2221 576 2257 Rhodo
597 2221 788 2266 (Bourg.!).

199 2356 290 2402 239,
323 2355 381 2393 A.
403 2353 750 2401 Haarhachii,
773 2352 881 2394 adde
904 2366 912 2393 z

360 2441 453 2475 Hab.
472 2442 507 2476 in
528 2441 671 2476 Troade
693 2441 739 2476 ad
760 2441 1005 2476 Dardanellas
1024 2441 1126 2485 (Sint.
1147 2444 1259 2483 3821).

199 2574 289 2620 239,
320 2572 378 2612 A.
402 2572 807 2623 Pamphylicus,
830 2572 938 2614 adde
961 2586 969 2613 :

362 2659 455 2694 Hab.
471 2661 506 2694 in
526 2660 644 2694 insula
664 2660 790 2704 Hydra
809 2660 950 2704 (Heldr.
969 2672 1043 2696 exs.
1064 2661 1129 2696 sub
1144 2662 1431 2706 Apereqrinol).
1447 2663 1634 2706 Specimen
1649 2673 1727 2697 cum
1744 2663 1873 2707 planta

316 2707 552 2751 Pamphylica
572 2712 707 2750 praeter
728 2707 911 2751 legumina
928 2709 1107 2752 copiosius
1127 2709 1340 2744 tomentella
1360 2708 1453 2744 bene
1471 2720 1683 2754 congruens.

200 2848 290 2893 241,
321 2846 378 2886 A.
398 2845 828 2897 leucocephalus,
852 2846 960 2887 adde
983 2860 990 2887 :

364 2933 456 2967 Hab.
477 2934 512 2967 in
539 2933 713 2976 lapidosis
735 2934 840 2968 vallis
861 2934 997 2968 Kuram
1025 2934 1230 2979 Affghaniae
1263 2936 1356 2970 inter
1383 2936 1552 2970 Shalizan
1586 2942 1621 2971 et
1649 2936 1873 2970 Habibkalla

318 2982 431 3023 6500‘,
450 2980 495 3014 ad
513 2981 741 3014 Pewarkotal
765 2983 879 3024 8500‘,
901 2981 948 3015 ad
967 2982 1131 3016 Sikaram
1156 2984 1278 3016 12000'
1301 2982 1434 3025 (Aitch.
1453 2982 1532 3026 916,
1555 2984 1636 3026 435)
1657 2983 1752 3026 (Non
1774 2983 1872 3021 vidi).
