2094 3351
212 218 280 254 312

211 299 281 334 rag.

213 354 303 400 600,

212 1268 303 1312 600,

212 1773 303 1818 601,

213 2118 304 2162 609,

216 2986 307 3032 621,

943 233 1164 257 COMPOSU'AE.
1635 225 1885 272 Phaeopappus.

336 358 431 404 post
454 353 551 392 Ph.
575 355 996 405 qymnocladum
1016 356 1152 397 insere
1177 369 1184 396 :

372 440 468 479 Ph.
493 440 739 491 insignis,
763 441 905 481 viridis
934 441 1180 483 indumento
1201 455 1403 484 araneoso
1429 443 1615 485 detersili
1640 457 1765 496 parce
1785 445 1893 486 obsi-

320 496 401 538 103,
431 492 551 532 caule
578 493 889 545 monocephalo‚
920 495 1026 535 foliis
1057 495 1309 536 radicalibus
1335 497 1483 548 amplis
1513 497 1618 537 cauli
1648 498 1892 549 aequilongis

319 545 481 585 ambitu
495 545 937 597 oblongo-lanceolatis
953 548 1284 600 pinnatipartitis
1297 549 1358 589 vel
1375 550 1416 589 in
1427 557 1646 597 segmenta
1660 550 1894 591 lanceolata

317 601 443 637 acuta
463 598 648 639 breviter
668 598 935 640 decurrentia
960 612 1071 651 saepe
1101 601 1178 642 inae
1211 601 1362 642 ualiter
1393 601 1522 642 bifida
1551 603 1690 650 sectis,
1720 604 1893 643 caulinis

319 650 438 691 valde
461 650 675 692 diminutis
697 653 868 692 remotis
889 653 1101 693 sessilibus
1129 654 1168 694 in
1213 655 1368 695 acinias
1403 654 1578 695 lineares
1609 656 1749 703 sectis,
1785 657 1894 708 capi-

318 703 405 743 tulo
423 705 603 744 maximo
625 704 795 755 globoso
816 705 904 745 basi
927 706 1184 754 umbilicato‚
1209 707 1408 748 involucri
1429 707 1580 760 phyllis
1601 707 1726 749 fuscis
1754 708 1894 749 imbri-

319 757 423 796 catis
444 756 896 809 oblongo-spatliulatis
921 760 1106 799 tenuiter
1133 759 1416 800 multistriatis
1445 761 1633 812 margine
1653 761 1827 801 erosulis
1851 767 1891 802 et

321 809 518 849 ciliatulis
542 821 741 851 mucrone
762 811 970 851 terminali
992 811 1107 852 brevi
1135 812 1312 853 innocuo
1339 824 1449 864 saepe
1478 813 1680 862 obsoleto,
1715 813 1894 854 flosculis

318 862 480 902 intense
502 862 639 911 luteis,
661 863 950 912 aclieniis.....‚
973 876 1110 916 pappo
1133 865 1254 916 longo
1276 864 1548 907 fuscescente.

378 933 470 967 Hah.
492 934 526 967 in
549 935 671 969 Persi-[1
693 935 748 969 vel
770 937 920 980 Assyria
938 935 998 970 ubi
1018 937 1154 971 semina
1172 937 1259 981 legit
1275 937 1319 971 cl.
1338 937 1604 972 Haussknecht.
1621 937 1723 973 Colui
1739 939 1773 972 in
1789 937 1894 972 horto

331 981 518 1025 Valeyres.

379 1046 481 1079 Folia
503 1045 679 1080 radicalia
701 1048 805 1080 14-16
831 1047 982 1090 pollices
1004 1047 1112 1091 longa
1133 1050 1193 1083 4-5
1226 1048 1302 1082 lata
1331 1048 1471 1083 laciniis
1498 1051 1518 1082 2
1537 1048 1570 1089 ¹j2
1596 1049 1747 1092 pollices
1779 1049 1895 1093 longis

331 1094 390 1126 4-6
411 1093 524 1127 lineas
546 1093 641 1137 latis,
663 1094 862 1137 capitulum
889 1095 1139 1138 magnitudine
1163 1096 1314 1140 Cynarae
1337 1095 1504 1140 Seolymi,
1531 1096 1710 1130 involucri
1736 1107 1895 1140 squamae

332 1139 444 1174 fuscae
465 1150 562 1184 saepe
584 1141 839 1185 irregulariter
861 1140 1000 1176 fissiles.

339 1266 436 1305 Ph.
459 1266 778 1315 trinervius‚
804 1266 896 1307 dele
912 1278 1003 1318 syn.
1024 1280 1031 1307 :
1055 1266 1292 1309 Centaurea
1311 1267 1524 1309 inuloides
1538 1267 1674 1309 Fisch.
1693 1280 1784 1320 quae
1807 1281 1898 1321 spe-

320 1318 436 1359 cifice
456 1317 623 1360 differre
644 1318 810 1360 videtur
829 1325 872 1360 et
892 1319 1191 1373 Plzaeopappus
1210 1320 1422 1362 inuloides
1442 1321 1710 1362 nominanda.

380 1407 608 1442 Observante
629 1408 674 1442 01.
693 1408 814 1442 Janka
835 1408 927 1443 OEst.
947 1409 1028 1442 Bot.
1051 1409 1143 1444 Zeit.
1166 1411 1265 1454 1882,
1286 1420 1321 1453 p.
1341 1412 1409 1444 280
1428 1410 1507 1444 haec
1527 1411 1665 1454 species
1685 1410 1898 1445 charactere

331 1455 482 1498 speciali
503 1455 638 1499 gaudet
659 1466 729 1499 quo
751 1456 896 1490 innixus
923 1456 968 1490 01.
990 1463 1119 1490 auctor
1145 1467 1258 1500 genus
1292 1457 1564 1501 Odonftolophus
1593 1458 1763 1492 restituit.
1792 1457 1898 1492 Radii

333 1502 481 1536 corollae
499 1502 713 1546 plerumque
730 1502 890 1537 6-7-fidae
909 1509 943 1537 et
958 1503 1111 1538 totidem
1133 1505 1220 1538 setis
1241 1504 1335 1538 albis
1355 1504 1442 1538 tubo
1460 1505 1605 1539 insertis
1625 1510 1734 1549 atque
1755 1515 1774 1539 e
1795 1505 1899 1539 fauce

331 1549 573 1583 eminentibus
593 1550 693 1584 limbi
714 1551 861 1585 tertiam
889 1557 1031 1594 partem
1059 1552 1205 1585 circiter
1239 1551 1468 1595 aequantibus
1497 1551 1662 1595 praeditae
1691 1559 1785 1586 sunt.
1819 1553 1899 1586 111ae

330 1602 418 1630 setae
438 1602 559 1631 tamen
580 1596 751 1631 deficiunt
768 1598 804 1631 in
822 1597 889 1631 ΡΙι.
908 1598 1073 1633 inuloz'de
1100 1599 1220 1642 specie
1240 1599 1348 1633 valde
1368 1599 1482 1642 affini,
1503 1599 1566 1633 sed
1586 1609 1694 1643 quam
1715 1600 1894 1645 immerito

332 1643 410 1678 loco
432 1644 544 1678 citato
565 1644 633 1678 Ph.
662 1645 814 1679 trinervi
835 1645 1018 1688 conjunxi.

335 1771 429 1810 Ph.
455 1770 766 1821 Ruprechti‚
790 1771 899 1812 adde
918 1783 1008 1823 syn.
1039 1784 1047 1811 :
1075 1770 1313 1813 Centaurea
1340 1771 1612 1824 amblyolepz's
1640 1775 1675 1813 3.
1705 1771 1899 1824 Daqlies-

318 1822 457 1864 taniea
481 1823 654 1864 Trautv.
680 1824 773 1865 Act.
797 1824 966 1876 Petrop.
987 1824 1058 1873 IV,
1083 1837 1124 1876 p.
1151 1827 1239 1866 156.
1265 1824 1409 1865 Affinis
1431 1824 1597 1877 quidem
1613 1806 1694 1866 Ph.
1715 1825 1899 1879 amblyo-

317 1875 461 1928 lepidi,
484 1876 558 1917 sed
580 1876 803 1918 distinctus
824 1876 931 1918 foliis
959 1876 1161 1926 indivisis,
1185 1878 1419 1930 phyllorum
1451 1877 1752 1930 appendicibus
1779 1879 1900 1920 semi-

317 1929 560 1970 orbiculatis
581 1929 928 1983 palmatipartitis
950 1941 1025 1971 nec
1045 1930 1376 1983 triangularibus
1398 1930 1572 1972 fimbriis
1586 1932 1730 1983 paucis
1752 1931 1900 1973 abbre-

319 1983 456 2023 viatis.

335 2120 431 2167 post
452 2116 805 2167 Psephellum
825 2117 1230 2168 leucophyllum
1252 2117 1388 2158 insere
1411 2130 1419 2158 :

375 2204 432 2242 P.
469 2204 846 2254 hymenolepis
881 2203 1075 2254 (TrautV.
1110 2204 1203 2244 Act.
1238 2203 1407 2256 Petrop.
1432 2204 1507 2252 ΙΙΙ,
1530 2217 1571 2255 p.
1595 2206 1689 2252 272)
1711 2203 1900 2245 caulibus

319 2255 677 2296 adscendentibus
692 2256 1002 2308 monocephalis
1014 2268 1145 2309 usque
1160 2257 1213 2297 ad
1228 2257 1461 2309 capitulum
1473 2257 1642 2305 sonatis,
1657 2256 1763 2298 foliis
1775 2269 1903 2309 supra

322 2308 612 2350 arachnoideis
650 2309 799 2350 subtus
845 2309 1222 2350 albo—tomentosis
1266 2310 1521 2351 radicalibus
1565 2310 1901 2362 bipinnatisectis

322 2362 494 2402 caulinis
528 2362 862 2413 pinnatipartitis
891 2364 1121 2414 segmentis
1151 2363 1476 2404 suborbiculatis
1509 2363 1754 2414 ellipticisve
1781 2363 1901 2404 obtu-

318 2415 388 2462 sis,
415 2414 616 2456 involucri
642 2415 883 2466 subglohosi
911 2416 1062 2467 phyllis
1093 2416 1323 2468 appendice
1351 2416 1789 2457 albo-membranacea
1816 2415 1902 2457 dia-

319 2467 459 2519 phana
487 2469 611 2508 ovata
639 2471 765 2508 acuta
793 2469 940 2509 inermi
973 2469 1242 2510 circumcirca
1272 2469 1649 2521 pectinato-ciliata
1674 2469 1899 2520 superatis,

321 2521 423 2561 ciliis
444 2521 520 2561 sub
544 2521 655 2562 lente
675 2521 888 2572 puberulis
905 2522 1070 2563 laminae
1092 2521 1315 2563 latitudine
1336 2522 1403 2562 vix
1422 2522 1696 2568 brevioribus.
1721 2521 1900 2563 flosculis

320 2575 448 2615 roseis
482 2574 665 2614 externis
699 2573 979 2623 radiantibus,
1015 2576 1140 2627 pappi
1180 2574 1353 2616 achenio
1388 2575 1521 2616 multo
1558 2575 1759 2616 brevioris
1795 2575 1902 2616 serie

323 2628 488 2667 interna
507 2627 695 2678 longiore
724 2630 758 2673 ’21
773 2659 782 2668 .

380 2698 472 2732 Hah.
492 2699 526 2732 in
550 2698 801 2741 Daghestania
825 2698 977 2733 Caucasi
997 2700 1093 2734 inter
1113 2699 1262 2734 Kurach
1294 2704 1330 2734 et
1351 2699 1426 2734 Kro
1447 2705 1558 2743 atque
1577 2700 1614 2734 in
1634 2704 1756 2734 monte
1776 2699 1900 2734 Schal-

334 2745 400 2779 bus
421 2745 517 2789 dagh
541 2746 709 2789 (Becker)
733 2747 828 2781 (Non
849 2746 947 2788 vidi).

382 2808 512 2843 Affinis
534 2809 575 2843 P.
597 2809 765 2843 dealbato
787 2816 822 2844 et
836 2810 879 2844 P.
893 2810 1126 2854 leucophyllo,
1142 2809 1263 2845 differt
1277 2810 1485 2855 phyllorum
1498 2809 1700 2854 appendice
1715 2809 1900 2854 diaphana

334 2866 444 2890 nervo
466 2855 692 2890 fuscescente
714 2859 901 2900 percursa.

341 2984 644 3024 Centaurea
667 2984 789 3023 alna
812 2986 848 3037 β.
872 2982 1036 3031 deusta,
1060 2983 1169 3024 adde
1190 2996 1198 3022 :

382 3055 474 3089 Hah.
497 3055 542 3089 ad
567 3055 693 3089 Livadi
716 3055 844 3089 insula>
866 3055 1101 3099 Cephaloniae
1123 3056 1357 3098 ‹Letourn.!).
