2115 3250
215 206 423 253 Oxyszelma.
922 215 1186 240 Ascrsspmnssffi.
1816 202 1884 237 343

213 288 250 315 Pa
274 309 281 315 .

240 296 303 390 539,
335 341 651 392 Oxystelrna
673 340 868 391 Alpini,
892 339 1000 379 adde
1023 352 1031 378 :

375 429 468 464 Hah.
483 430 576 463 inter
597 428 790 463 arundines
811 427 857 461 ad
877 427 998 461 Nilum
1021 438 1073 470 pr.
1095 427 1283 460 Rosettam
1307 427 1492 460 (Letourn.
1516 427 1629 460 2992».

243 563 305 608 60,
337 563 431 611 post
453 559 716 598 Daemiam
738 557 1018 598 cordatam
1038 556 1174 597 insere
1197 569 1205 596 :

371 647 430 686 D.
455 648 681 685 extensa
703 644 773 694 (R.
796 643 868 683 Br.
892 643 932 683 in
960 643 1087 683 Mem.
1124 642 1265 682 Worn.
1296 641 1388 682 Soc.
1418 641 1450 689 Ι,
1481 640 1548 691 50)
1582 640 1791 691 hispidula
1824 641 1886 681 vel

318 698 512 749 glabrata
545 697 766 744 scandens,
801 695 908 736 foliis
941 696 1271 736 membranaceis
1305 707 1329 734 a
1360 695 1450 735 basi
1480 692 1685 745 profunde
1717 693 1890 734 cordata

318 751 402 791 late
430 750 562 790 ovatis
592 749 842 790 acuminatis
874 748 978 789 lobis
1010 748 1156 788 baseos
1191 747 1443 791 rotundatis,
1479 746 1722 798 pedunculis
1756 746 1888 796 longis

319 801 589 850 racemiferis,
610 802 764 842 corolla
784 801 900 841 fusca
920 802 1109 852 margine
1130 801 1284 848 ciliata‚
1303 799 1493 840 folliculis
1515 799 1756 839 lanceolatis
1773 799 1890 850 apice

318 855 704 949 &suffito-curvetis
742 855 902 894 incanis
941 854 1067 905 spinis
1107 854 1240 905 longis
1279 854 1466 893 innocuis
1499 851 1626 892 dense
1658 851 1802 891 obsitis
1837 865 1888 902 5.

356 909 413 960 ¹'ig
448 912 464 948 t
506 920 541 949 c.
565 913 609 948 ta
645 911 762 949 ,596.

376 979 469 1013 Hab.
489 980 524 1013 in
543 979 778 1013 calidioribus
799 978 905 1013 vallis
922 978 1059 1012 Kuram
1081 977 1283 1021 Affghaniae
1311 978 1404 1011 inter
1427 976 1520 1010 Thal
1542 981 1577 1010 et
1598 976 1715 1009 Alizai
1743 975 1892 1018 (Aitch.)

333 1027 376 1070 (E
400 1027 535 1061 ditione
555 1037 625 1060 non
648 1026 746 1066 vidi).

378 1089 445 1124 Ar.
468 1089 609 1132 Geogr.
632 1090 746 1124 India.

242 1225 305 1269 61,
341 1223 784 1273 Gomphocarpus
809 1221 1074 1269 Sinaicus,
1098 1220 1206 1260 adde
1229 1232 1237 1260 :

379 1311 471 1345 Hab.
487 1311 533 1345 ad
551 1310 668 1346 Ouadi
686 1310 797 1345 Natfe
819 1316 853 1344 et
872 1310 989 1345 Ouadi
1006 1310 1073 1343 Tin
1089 1309 1223 1344 deserti
1239 1308 1626 1352 AEgyptiaco-Arabici
1642 1307 1846 1349 (Schweinf.
1859 1309 1898 1343 ἱ).

245 1447 307 1492 63,
339 1444 666 1484 Boucerosia
687 1443 1048 1491 Aucheriana‚
1072 1441 1181 1482 adde
1205 1454 1213 1481 :

379 1533 472 1567 Hab.
492 1533 527 1567 in
549 1532 687 1567 fissuris
707 1533 849 1575 rupium
878 1537 912 1566 et
940 1533 1034 1565 inter
1058 1531 1198 1575 lapides
1221 1531 1316 1565 inter
1344 1530 1435 1564 Thal
1465 1535 1496 1564 et
1525 1530 1661 1564 Kuram
1692 1529 1894 1573 Affghanise

333 1591 445 1624 usque
466 1580 512 1614 ad
532 1582 633 1614 4000'
658 1580 793 1623 (Aitch.
814 1580 896 1622 492)
921 1579 966 1616 (E
988 1579 1123 1613 ditione
1143 1589 1214 1612 non
1234 1578 1333 1616 vidi).

559 1821 767 1861 ORDo
818 1820 1048 1860 Lxxx.
1101 1819 1556 1859 GENTIANEAE

245 2031 309 2077 68,
344 2028 630 2078 Erythraea
646 2027 999 2067 centaurium
1014 2043 1051 2079 γ.
1068 2025 1313 2078 acutiflora,
1330 2024 1438 2065 adde
1456 2036 1546 2076 syn.
1563 2036 1570 2063 :
1596 2023 1643 2063 Ε.
1669 2021 1901 2063 Ηῖιοιίρ>ῑ3ἱ3

324 2081 456 2121 Boiss.
480 2084 522 2122 et
542 2081 668 2121 Reut.
692 2080 846 2132 Diagn.
869 2079 924 2127 II,
948 2083 986 2128 6,
1008 2092 1048 2131 p.
1075 2082 1164 2120 121.

249 2221 313 2265 ΤΟ,
349 2217 606 2258 Gentiana
627 2217 954 2265 obtusifolia,
978 2215 1087 2257 adde
1110 2228 1117 2256 :

384 2305 476 2339 Hab.
498 2305 534 2339 in
555 2304 716 2340 herbidis
737 2305 867 2339 montis
887 2304 970 2338 Rilo
991 2304 1157 2338 Thraciae
1179 2303 1362 2342 (Panum).

249 2439 312 2483 71,
349 2437 403 2476 G.
427 2447 607 2484 aurea,
631 2435 766 2476 adde:

342 2522 735 2614 (Aqass'ggng‘fmibus
755 2523 920 2558 Sikaram
943 2527 977 2556 et
998 2521 1173 2557 Shendtoi
1195 2521 1300 2555 vallis
1322 2521 1459 2554 lx'uram
1487 2519 1691 2563 Affghaniae
1715 2519 1902 2552 10-12000‘

391 2582 401 2604 1
421 2581 439 2604 c
470 2597 477 2604 .
572 2598 578 2604 .
600 2597 606 2604 .

389 2634 455 2668 Ar.
475 2633 631 2679 Geogr.,
653 2634 746 2669 adde
767 2648 773 2669 :
796 2634 952 2677 Tibetia,
974 2634 1061 2668 Asia
1082 2633 1265 2668 centralis.

251 2769 315 2814 72,
346 2771 441 2818 post
463 2767 518 2806 G.
541 2766 803 2805 humilem
824 2765 960 2806 insere
983 2777 991 2804 ε

382 2853 436 2892 G.
460 2852 710 2902 aquatica
740 2851 806 2902 (L.
835 2851 998 2891 Amoen.
1028 2849 1081 2898 ΙΙ,
1116 2849 1209 2898 343)
1238 2860 1375 2889 annua
1403 2847 1550 2899 glabra
1575 2845 1733 2898 puinila
1769 2844 1903 2884 tenuis

329 2905 504 2956 simplex
523 2904 652 2945 velex
674 2904 776 2944 collo
797 2903 1051 2955 plui-icaulis,
1077 2903 1264 2943 caulibus
1289 2901 1415 2941 dense
1435 2899 1603 2947 foliosis,
1634 2898 1739 2938 foliis
1765 2896 1904 2949 parvis

331 2957 641 2998 subimbricatis
670 2956 899 2998 cai-nosulis
926 2956 1059 2995 ovatis
1087 2955 1148 2995 vel
1181 2954 1369 2995 obovatis
1399 2953 1588 3003 margine
1621 2949 1903 3001 cartilagineis
