2094 3351
199 227 245 263 54
924 240 1145 266 cnucannAE.
1736 231 1869 267 Draba.

200 311 271 343 Pag.

201 365 291 409 295,
326 362 385 401 D.
409 361 688 412 Olympica
713 375 720 401 :

367 449 422 483 Ex
441 449 754 484 observationibus
774 449 818 483 cl.
836 449 1024 493 Ruprecht
1045 449 1100 484 Fl.
1123 450 1229 485 Cauc.
1254 461 1289 494 p.
1312 452 1376 484 107
1400 451 1726 496 speciminibusque
1752 462 1873 487 nume-

318 496 514 530 rosioribus
535 502 569 529 et
597 496 756 530 locorum
778 496 1000 531 diversorum
1028 507 1142 540 nuper
1170 498 1327 540 acceptis
1353 498 1434 532 dele
1453 499 1649 533 varietates
1668 500 1697 537 β.
1722 499 1874 533 brunioe-

317 544 452 585 foliam,
474 540 505 576 δ.
527 543 781 585 diversisoliam
799 549 833 577 et
855 557 878 576 ε.
898 543 1122 586 ericaefoliam
1148 554 1229 587 quae
1247 544 1295 578 D.
1317 545 1577 587 bruniaefoliam
1597 545 1694 580 infra
1714 545 1874 589 descrip-

318 596 390 623 tam
417 591 558 624 sistunt.
586 589 633 624 D.
665 590 848 635 olympica
873 596 908 624 et
934 591 1012 633 ejus
1039 601 1114 624 var.
1143 591 1361 625 heterocoma
1389 591 1526 626 habent
1553 592 1713 627 siliculas
1739 603 1872 636 parvas

318 636 459 670 inflatas
477 637 563 670 setis
581 637 802 679 simplicibus
823 638 954 671 erectis
974 636 1053 671 basi
1070 637 1310 672 tuberculatis
1333 639 1505 682 strigosas
1532 649 1612 682 quae
1630 645 1717 674 nota
1738 640 1871 683 speciei

319 684 498 717 solemnis.
532 683 600 717 Pili
631 683 922 718 furcam-ramosi
951 685 1044 718 inter
1074 683 1243 718 foliorum
1279 685 1362 719 cilia
1393 685 1575 730 deficiunt,
1603 686 1665 721 sed
1692 686 1872 721 interdum

318 731 435 764 rarius
450 736 653 764 occurrunt.
669 731 758 773 Ejus
772 741 859 765 area
871 731 1117 774 geographica
1135 737 1188 766 est
1204 732 1376 766 Anatolia
1391 732 1626 767 occidentalis
1641 739 1677 768 et
1691 733 1873 776 australis,

318 778 421 821 Syria
440 777 608 811 borealis.
637 778 823 820 Specimen
846 788 888 811 ex
911 779 1082 812 Armenia
1104 778 1171 823 Ky.
1189 780 1258 813 290
1278 778 1325 813 ad
1349 790 1425 814 var.
1450 780 1703 815 heterocomam
1723 781 1874 815 citatum

317 824 362 857 ad
381 824 428 857 D.
451 824 711 866 bruniaefoliam
732 824 961 859 referendum
983 831 1047 859 est.

201 958 293 1003 295,
323 959 418 1007 post
439 956 498 995 D.
525 955 866 1007 Olympicam
886 957 1023 998 insere
1046 969 1054 996 :

361 1043 420 1082 D.
443 1043 781 1082 bruniaefolia
812 1042 945 1094 (Stev.
968 1044 1010 1084 in
1037 1057 1105 1085 Dc.
1130 1043 1241 1097 Syst.
1264 1044 1318 1093 Η,
1341 1057 1382 1097 p.
1407 1045 1502 1097 336)
1522 1045 1749 1087 laxiuscule
1778 1057 1877 1087 caes-

303 1095 455 1188 ssimsa'
478 1096 613 1146 scapis
632 1095 828 1137 brevibus
847 1097 941 1148 plus
961 1097 1097 1137 minus
1126 1097 1466 1148 pubescentibus,
1489 1097 1596 1139 foliis
1627 1102 1806 1151 anguste
1833 1103 1875 1140 et

335 1148 490 1188 reviter
510 1147 736 1189 linearibus
760 1150 871 1189 inter
895 1149 989 1189 cilia
1008 1150 1259 1201 marginalia
1287 1150 1410 1202 longa
1434 1151 1584 1203 saepius
1633 1151 1697 1191 ilis
1717 1152 1877 1192 brevio-

306 1200 421 1241 ribus
443 1201 616 1241 ramosis
636 1200 822 1242 floccosis
843 1202 1003 1251 obsitis‚
1026 1214 1191 1243 racemo
1213 1203 1327 1244 brevi
1345 1202 1546 1252 conferto,
1569 1204 1603 1244 si
1621 1205 1739 1245 iculis
1764 1205 1876 1256 pube

307 1254 422 1294 tenui
452 1253 504 1293 ad
537 1254 652 1294 ressa
676 1253 922 1295 brevissima
953 1255 1128 1307 simplici
1156 1260 1199 1297 et
1224 1258 1389 1297 ramosa
1413 1256 1558 1297 obsitis
1586 1260 1644 1304 94.
1667 1257 1726 1298 D.
1779 1257 1877 1298 lobi-

297 1304 403 1358 fera
435 1305 494 1346 Le
527 1306 592 1347 eb.
621 1329 673 1334 —
701 1306 760 1347 D.
791 1307 1010 1360 Olympica
1035 1320 1146 1348 varr.
1175 1312 1230 1363 3„
1260 1310 1295 1349 δ.
1331 1313 1374 1349 et
1405 1326 1436 1350 ε.
1468 1309 1600 1350 Boiss.
1634 1309 1696 1350 Fl.
1771 1323 1805 1350 r.
1840 1311 1873 1359 Ι,

364 1430 510 1472 Species
527 1430 713 1464 terrestris
733 1440 799 1464 nec
816 1431 1003 1473 rupestris.

364 1493 458 1527 Hab.
489 1494 524 1527 in
553 1494 715 1528 Caucaso
742 1495 943 1538 praesertim
977 1495 1147 1529 orientali
1177 1497 1402 1530 8500-10000
1440 1496 1615 1540 (Rupr.!),
1642 1498 1678 1531 in
1705 1498 1877 1532 Armenia.

320 1540 474 1574 Turcica
495 1546 531 1575 et
550 1541 702 1576 Rossica
720 1542 846 1583 (Szow.
859 1543 893 1585 Ι),
908 1542 1033 1576 Persia
1051 1542 1201 1577 boreali.

358 1605 395 1657 β.
425 1601 702 1655 diversifolz'a.
725 1627 777 1632 —
797 1603 947 1656 Major,
977 1603 1075 1644 folia
1101 1605 1335 1656 praesertim
1362 1604 1415 1645 ad
1440 1605 1627 1646 surculos
1660 1605 1877 1658 elongatos

304 1655 508 1707 longiora,
531 1657 685 1696 racemi
706 1656 926 1707 longiores,
950 1657 1120 1698 siliculae
1141 1669 1251 1709 saepe
1299 1658 1393 1698 aulo
1413 1658 1591 1710 maj0res
1609 1662 1653 1699 et
1669 1660 1878 1700 acutiores

305 1708 398 1760 pilis
419 1708 610 1749 omnibus
630 1709 819 1750 ramosis.
840 1732 894 1737 —
913 1708 972 1750 D.
992 1708 1259 1762 diversifolz'a
1269 1670 1411 1751 ffioiss.
1435 1715 1478 1751 et
1495 1710 1610 1752 Huet
1628 1711 1782 1764 Diagn.

363 1779 457 1813 Hab.
476 1780 511 1813 in
531 1786 653 1815 monte
673 1780 830 1824 Akdagh
858 1781 1043 1817 Cataoniae
1066 1780 1195 1824 (A‘uch.
1220 1782 1333 1825 302l),
1354 1783 1527 1817 Armenia
1548 1783 1677 1826 (Huetl
1698 1783 1878 1828 Bourg.!)‚

320 1826 435 1860 Ponto
455 1827 588 1861 Lazico
607 1838 717 1871 supra
736 1828 863 1871 Djimil
880 1829 984 1862 9000‘
1002 1829 1142 1872 (Bal.!)‚
1160 1829 1285 1863 Persia
1302 1829 1454 1864 boreali.

359 1906 395 1942 γ.
419 1889 664 1942 ericaejolia.
682 1914 734 1919 -—
755 1890 908 1932 Similis
929 1894 1043 1943 typo,
1063 1891 1137 1932 sed
1157 1892 1285 1944 scapi,
1302 1891 1507 1944 pedicelli‚
1526 1892 1696 1934 siliculae
1714 1893 1875 1945 glabra.

367 1960 460 1995 Hab.
479 1961 515 1994 in
536 1962 697 1996 Caucaso
718 1962 889 1996 orientali
909 1962 1047 2006 (Stev.).

361 2024 396 2063 δ.
419 2022 590 2063 incana.
618 2047 670 2051 —
696 2023 908 2065 Foliorum
935 2024 1028 2065 cilia
1055 2025 1204 2066 crebra
1234 2025 1360 2077 longa
1384 2026 1496 2077 pube
1521 2027 1688 2066 ramosa
1712 2027 1879 2078 copiosa

309 2075 570 2123 intermixta,
610 2076 780 2117 siliculae
818 2077 929 2128 pube
966 2078 1132 2118 ramosa
1168 2077 1366 2130 adpresse
1404 2083 1687 2119 canescentes.
1727 2102 1779 2107 —
1816 2079 1877 2120 D.

310 2127 509 2169 Natolz'ca
527 2127 662 2169 Boiss.
684 2129 793 2169 Ann.
817 2133 859 2170 et
878 2129 941 2170 Fl.
965 2129 1037 2172 Or.
1060 2130 1094 2179 Ι,
1116 2143 1158 2182 p.
1182 2133 1273 2172 296.
1296 2154 1348 2159 —
1367 2130 1427 2172 D.
1449 2131 1607 2185 Aryoea
1628 2131 1708 2184 Ky.

367 2198 460 2232 Hab.
479 2199 514 2232 in
534 2199 715 2234 montibus
736 2200 916 2234 Anatoliae
935 2201 1135 2244 orientalis,
1157 2201 1354 2245 Cataoniae‚
1376 2201 1631 2245 Cappadociae.

203 2335 294 2380 296,
328 2333 386 2372 D.
411 2333 606 2372 scabra
631 2345 638 2373 :

369 2420 559 2464 Glabritie‚
597 2421 693 2455 foliis
726 2421 885 2456 breviter
913 2422 1128 2457 lanceolatis
1159 2424 1295 2458 minute
1328 2424 1682 2467 spinuloso-serratis
1717 2425 1879 2469 insignis.

320 2468 530 2512 Rarissima,
550 2469 585 2502 in
610 2469 757 2512 regione
778 2470 900 2513 alpina
927 2470 1078 2505 Caucasi
1096 2470 1332 2505 occidentalis
1350 2472 1446 2505 circa
1468 2477 1623 2506 montem
1645 2471 1778 2506 Elbrus
1799 2478 1877 2506 tan-

321 2522 396 2550 tum
416 2515 523 2550 obvia
539 2517 749 2550 7200-9600'
770 2517 908 2561 (Meyer
922 2518 928 2550 ἔ
942 2517 1096 2559 Radde).

204 2652 295 2698 296,
329 2651 388 2689 D.
431 2650 678 2691 Natolica
717 2650 769 2691 ad
807 2651 1054 2692 varietatem
1092 2650 1153 2692 D.
1189 2649 1474 2704 bruniaefolioe
1507 2652 1736 2693 reducitur.
1774 2652 1881 2693 Vide

310 2714 451 2754 supra.

203 2843 296 2888 297,
331 2841 390 2880 D.
413 2840 588 2892 riqida
611 2853 619 2880 ε

368 2927 571 2971 Rupestris‚
606 2928 642 2962 in
674 2933 752 2962 toto
785 2929 945 2964 Caucaso
974 2929 1124 2973 vulgata
1155 2929 1220 2963 alt.
1254 2931 1520 2964 10500—6000‘
1552 2934 1587 2964 et
1617 2928 1798 2964 interdum
1831 2929 1878 2963 ad

321 2976 421 3009 3500'
441 2974 671 3009 descendens.

369 3039 497 3073 Variat
518 3039 669 3073 multum
690 3049 710 3073 a
728 3039 843 3073 forma
861 3040 1000 3083 majore
1019 3040 1122 3083 cujus
1142 3039 1231 3075 folia
1252 3040 1415 3084 longiora
1436 3050 1631 3084 squarrose
1650 3040 1815 3084 patentia
1831 3040 1881 3074 ad
