2094 3351
216 229 266 265 94
976 237 1150 262 SlLENEAE.
1772 225 1899 262 Silene.

340 362 504 397 delendae
522 361 558 397 S.
573 361 752 406 puberula
770 360 906 395 Bertol.
926 360 1027 394 Misc.
1047 360 1128 393 Bot.
1149 362 1187 393 11
1205 370 1275 393 non
1292 359 1405 394 Boiss.
1421 364 1456 394 et
1473 359 1508 394 S.
1525 358 1736 403 eremophila
1752 358 1899 393 Bienert

340 420 420 453 quae
441 408 477 444 S.
500 409 739 444 Oliverianam
760 408 849 443 Otth
870 408 1013 442 sistunt.
1036 406 1211 450 Ejusdem
1232 406 1267 441 S.
1290 410 1434 441 setaceoe
1459 406 1558 440 lusus
1585 408 1605 440 2
1634 405 1772 440 Rohrb.
1801 405 1899 440 Mon.

341 467 376 500 p.
400 458 466 490 105
487 456 657 490 humilior
678 454 857 499 unguibus
881 454 1086 498 petalorum
1103 453 1251 487 inclusis
1272 459 1326 488 est
1343 453 1379 488 S.
1397 454 1536 497 spicata
1556 452 1715 487 Ehrenb.
1738 451 1841 487 herb.
1864 456 1901 487 et

342 513 387 538 ex
413 502 552 537 Rohrb.
578 503 680 536 Linn.
711 504 755 536 36
788 501 824 536 S.
858 501 1129 546 brachystachaeys
1160 499 1277 535 Webb
1310 501 1456 544 Fragm.
1486 502 1530 534 34
1562 506 1598 534 et
1633 499 1770 534 Rohrb.
1803 499 1900 534 Mon.

341 561 377 594 p.
398 551 463 584 109
484 561 527 584 ex
546 549 688 584 deserto
711 548 869 583 Arabico
889 547 1096 582 Thebaidis.
1117 547 1152 582 S.
1177 552 1314 582 setacea
1334 547 1476 581 caeteris
1502 547 1675 591 neglectis
1695 557 1716 581 a
1739 546 1776 581 S.
1803 546 1902 590 Μαρ-

335 596 571 641 pendia—alata
591 595 752 631 Ehrenb.
773 594 966 630 seminibus
986 595 1139 629 minimis
1162 595 1283 629 statim
1305 593 1548 638 distinguitur.

225 711 319 757 595,
354 709 407 748 S.
435 708 730 748 Palaestina
754 720 762 748 :

388 797 481 831 Huic
497 797 631 840 speciei
648 796 684 831 S.
703 795 963 830 Damascemm
985 800 1020 830 et
1039 795 1075 830 S.
1095 795 1347 839 siderophilam
1367 799 1407 828 ut
1426 794 1623 828 varietates
1643 793 1687 827 cl.
1705 792 1901 828 Rohrbach

343 844 530 888 conjungit
544 843 641 888 quod
656 843 891 878 ulterioribus
906 842 1219 877 observationibus
1234 841 1320 876 mihi
1334 840 1642 885 comprobandum
1658 851 1735 875 esse
1748 839 1903 875 videtur.

225 962 319 1008 595,
355 959 407 999 S.
430 962 714 1007 nocturna,
738 957 847 999 adde
870 970 878 998 :

389 1048 539 1139 quldn
564 1048 729 1139 l{Islgypto
747 1047 920 1082 inferiore
941 1047 1109 1082 orientali
1131 1047 1216 1081 etin
1235 1046 1320 1080 Oasi
1340 1046 1471 1090 magna
1494 1043 1743 1088 (Schweinf.!)‚
1762 1044 1798 1078 in
1818 1043 1904 1079 Oasi

343 1107 457 1140 parva
524 1106 562 1130 sc

224 1214 317 1260 596,
353 1212 406 1251 S.
431 1211 757 1262 Canopicam
778 1209 836 1250 sic
857 1212 976 1249 muta
997 1221 1005 1248 ε

385 1298 436 1337 S.
476 1295 946 1347 biappendiculata
983 1293 1199 1346 (Ehrenb.
1238 1293 1358 1334 herb.
1400 1292 1558 1334 Rohrb.
1596 1292 1788 1345 Monogr.
1829 1291 1902 1334 Sil.

332 1363 373 1402 p.
400 1349 492 1399 105)
513 1349 697 1390 breviter
717 1351 760 1389 et
780 1347 960 1400 crispule
979 1346 1225 1399 pubescens,
1249 1346 1436 1387 caulibus
1467 1358 1515 1386 ex
1543 1345 1646 1386 collo
1673 1346 1905 1386 numerosis

332 1403 498 1455 pumilis
520 1401 842 1442 ascendentibus
864 1404 907 1441 et
924 1400 1075 1441 erectis
1100 1399 1356 1451 simplicibus
1376 1398 1441 1439 vel
1460 1397 1620 1439 inferne
1641 1397 1903 1446 dichotomis‚

332 1455 439 1496 foliis
477 1453 887 1495 lineari-lanceolatis
925 1452 1168 1493 lanceolatis
1205 1451 1270 1492 vel
1308 1451 1498 1503 oblongis
1535 1451 1684 1499 acutis,
1725 1451 1906 1492 bracteis

331 1508 464 1549 ovatis
486 1508 635 1555 acutis,
655 1506 773 1547 florib
781 1518 826 1546 us
846 1505 1165 1546 unilateralibus
1184 1504 1428 1546 brevissime
1440 1503 1748 1556 pedunculatis,
1767 1504 1907 1556 calyce

332 1561 469 1602 nervis
502 1561 640 1601 rubris
673 1558 963 1611 glabriusculis
997 1570 1177 1610 superne
1210 1569 1337 1610 parce
1371 1556 1782 1598 anastomosantibus
1815 1568 1907 1609 per-

332 1625 452 1655 curso
474 1613 670 1654 dentibus
687 1612 929 1653 lanceolatis
947 1611 1152 1662 elongatis
1172 1611 1363 1662 margine
1381 1610 1712 1651 membranaceis
1733 1614 1775 1650 et
1795 1609 1908 1651 cilia-

333 1668 388 1708 tis
419 1665 601 1707 florifero
631 1665 856 1718 cylindrico
877 1663 1092 1705 fructifero
1112 1664 1275 1705 clavat-o
1294 1663 1404 1704 infra
1424 1662 1639 1715 capsulam
1664 1663 1904 1711 constricto,

333 1720 544 1772 unguibus
581 1718 815 1771 petalorum
847 1718 1117 1765 subexsertis‚
1152 1717 1309 1757 lamina
1344 1718 1464 1757 rosea
1497 1716 1537 1756 in
1576 1715 1692 1756 lobos
1729 1715 1907 1756 lineares

331 1773 547 1825 bipartita,
569 1783 730 1812 coronae
749 1771 910 1812 laciniis
929 1770 1142 1822 bipartitis
1168 1770 1329 1811 obtusis
1354 1770 1395 1810 in
1417 1768 1565 1810 tubum
1587 1768 1790 1817 connatis,
1814 1779 1908 1820 cap-

333 1826 425 1867 sula
445 1827 569 1866 ovata
583 1824 889 1876 carpophorum
910 1827 1139 1864 retrorsum
1159 1823 1390 1875 pubescens
1410 1824 1605 1874 aequante
1617 1821 1683 1861 vel
1700 1820 1905 1869 breviore,

332 1878 562 1920 seminibus
581 1877 822 1929 majusculis
844 1876 966 1917 dorso
984 1879 1108 1917 acute
1122 1875 1408 1917 canaliculatis
1430 1874 1534 1915 facie
1553 1874 1825 1915 subconcavis
1842 1876 1913 1922 (D.

336 1932 380 1974 S.
406 1931 615 1984 Canopica
639 1930 772 1971 Boiss.
795 1929 859 1970 Fl.
884 1928 955 1971 Or.
975 1942 1017 1981 p.
1041 1932 1117 1970 596
1137 1940 1219 1969 non
1243 1928 1336 1969 Del.
1362 1951 1415 1956 —
1436 1928 1480 1970 S.
1506 1926 1753 1969 Oliveriana
1771 1926 1906 1968 Boiss.

334 1986 377 2026 in
399 1984 562 2026 Samar.
584 1984 640 2036 pl.
665 1995 749 2024 exs.
773 1995 855 2023 non
877 1981 997 2024 Otth.

348 2103 378 2137 L
394 2054 489 2089 Hab.
507 2054 718 2145 iii')AEgypto
734 2054 831 2087 circa
845 2052 1107 2087 Alexandriam
1125 2056 1160 2086 et
1180 2052 1387 2086 Damiatam
1404 2049 1595 2094 (Ehrenb.!
1613 2050 1769 2085 Samar.!
1786 2048 1907 2084 Gaill.!

382 2107 522 2137 etourn.
535 2129 542 2135 .
561 2128 568 2135 .

394 2167 539 2211 Species
556 2165 677 2210 quoad
695 2165 783 2200 solia
797 2165 879 2209 plus
899 2165 1015 2199 minus
1035 2168 1189 2208 angusta
1207 2168 1242 2198 et
1260 2167 1368 2198 acuta
1385 2162 1573 2197 variabilis
1587 2161 1680 2196 facie
1693 2161 1730 2196 S.
1745 2161 1910 2196 coloratae

348 2215 444 2249 Poir.
466 2230 507 2241 Ξ
526 2213 562 2248 S.
582 2213 763 2257 bipartitae
782 2211 883 2247 Desf.
905 2218 940 2246 et
962 2212 997 2247 S.
1024 2210 1351 2247 OliverianoeOtth
1378 2210 1514 2253 similis,
1536 2209 1599 2244 sed
1625 2208 1819 2244 seminibus
1838 2219 1910 2243 non

348 2261 552 2296 undulatim
570 2261 678 2294 alatis
698 2260 744 2294 ab
763 2261 813 2294 eis
836 2260 944 2303 longe
969 2259 1167 2302 discedens,
1188 2258 1302 2292 multo
1323 2257 1472 2301 propius
1497 2256 1618 2291 affinis
1639 2262 1692 2290 est
1712 2255 1747 2290 S.
1767 2260 1910 2290 setaceoe

350 2319 429 2352 quae
453 2314 586 2351 praeter
616 2308 704 2341 folia
733 2307 988 2351 augustissima
1018 2306 1140 2340 differt
1168 2315 1310 2340 coronae
1340 2305 1480 2339 laciniis
1505 2304 1695 2347 truncatis,
1715 2302 1910 2338 seminibus

350 2355 496 2391 dimidio
511 2354 709 2389 minoribus
730 2353 922 2398 superficie
939 2353 1121 2397 profunde
1141 2358 1177 2387 et
1198 2352 1444 2387 auriformiter
1464 2351 1658 2386 excavatis.

231 2471 324 2516 596,
358 2468 411 2507 S.
435 2467 665 2518 apetaIa,
689 2465 797 2507 adde
819 2479 827 2506 2

391 2554 491 2608 Syn.
511 2555 587 2596 :.S.
609 2554 740 2606 Riyoz'
759 2554 894 2595 Boiss.
916 2554 959 2595 in
980 2552 1088 2594 Sint.
1111 2555 1154 2594 et
1173 2552 1280 2604 Rigo
1299 2552 1355 2604 pl.
1378 2551 1505 2604 Cypr.
1527 2562 1612 2592 exs.
1639 2553 1753 2600 1880,
1777 2549 1911 2592 forma

339 2621 449 2650 nana
473 2607 717 2649 subbiflora.

399 2679 493 2714 Hab.
512 2690 654 2723 quoque
673 2680 708 2713 in
727 2679 844 2723 Cypro
860 2679 963 2721 (Sint.
979 2683 1014 2712 et
1032 2678 1124 2722 Rigo
1136 2678 1170 2721 ἱ),
1188 2678 1350 2722 AEgypto
1367 2675 1538 2711 inferiore
1558 2676 1605 2711 ad
1623 2676 1782 2710 Mariout
1795 2685 1910 2720 prope

351 2727 613 2762 Alexandriam
636 2727 823 2770 (Letourn.
836 2726 856 2770 ἒ)
879 2731 915 2761 et
933 2726 967 2759 in
983 2725 1069 2760 Oasi
1089 2726 1203 2769 parva
1224 2724 1392 2769 (Asch.!).

230 2851 323 2896 597,
353 2858 429 2899 pro
453 2847 504 2887 S.
529 2846 790 2896 bipartita
818 2844 934 2887 Desf.
956 2856 1065 2897 pone
1087 2857 1095 2885 :

396 2934 450 2974 S.
480 2935 719 2974 colorata
752 2932 862 2973 Poir.
891 2932 996 2985 Voy.
1022 2944 1064 2984 p.
1096 2934 1169 2973 163
1198 2930 1356 2972 Rohrb.
1384 2929 1499 2972 Mon.
1561 2963 1569 2970 .
1600 2933 1675 2970 114
1703 2941 1785 2970 non
1811 2929 1910 2969 alio-

338 2999 446 3035 rum,
468 2998 618 3027 nomen
640 2986 852 3038 antiquius
873 2989 915 3025 et
934 2985 1189 3037 synonymiae
1209 2983 1318 3025 adde
1336 2996 1385 3024 ex
1406 2983 1521 3024 Rohr
1555 3015 1564 3024 .
1587 2982 1708 3023 Linn.
1731 2981 1909 3023 XXXVI
