2094 3351
193 220 262 257 314
919 237 1145 262 ωΜΡοειΜ-ῑ.
1650 229 1848 266 Centaurea
1857 260 1866 268 .

192 303 231 330 Pa
255 323 262 331 .

232 311 251 338 g
356 358 450 392 Hab.
468 358 515 393 ad
535 370 645 403 rupes
665 361 700 394 in
720 361 817 396 valle
837 361 948 406 Laspi
965 362 1110 397 Tauriae
1132 363 1333 406 (Compere,
1353 363 1540 398 Rehmann
1554 364 1588 406 !).

356 423 484 458 Facies
518 423 553 459 C.
575 426 833 470 stereophyllae‚
854 426 916 461 sed
945 426 1086 461 laciniae
1113 426 1282 462 foliorum
1305 429 1535 472 tenuissimae,
1553 430 1716 473 capitula
1744 431 1871 475 paullo

309 470 462 515 minora,
483 471 638 506 achenia
658 473 774 507 calva.

190 586 280 633 657,
312 589 408 637 post
431 587 484 626 C.
507 587 965 628 armoracifoliam
987 588 1123 629 insere
1146 601 1154 629 :

349 673 402 712 C.
432 674 722 714 ebenoides
749 674 914 726 (Heldr.
942 674 1090 716 Journ.
1113 675 1158 716 of
1180 676 1275 716 Bot.
1303 679 1417 725 1878,
1439 689 1480 728 p.
1507 680 1599 724 188)
1620 679 1739 719 caule
1758 679 1869 720 elato

293 725 437 776 gracili
458 737 785 767 araneoso-cano
801 727 968 768 demum
985 728 1180 779 glabrato
1194 729 1355 770 inferne
1370 731 1516 771 crebre
1533 730 1675 772 folioso
1690 743 1870 784 superne

292 777 403 818 nudo
423 779 736 831 monocephalo‚
755 779 861 821 foliis
883 782 1219 822 araneoso-canis
1240 783 1452 834 petiolatis
1468 783 1758 835 pinnatisectis
1774 784 1869 837 plus

290 830 427 871 minus
449 831 593 883 lyratis
613 834 841 884 segmentis
863 833 1105 874 lateralibus
1126 835 1322 886 utrinque
1343 838 1410 876 8-9
1437 835 1678 877 lanceolatis
1699 837 1763 878 vel
1783 837 1868 878 del-

290 883 439 923 toideis
465 885 641 936 integris
674 885 737 925 vel
763 886 940 927 obscure
971 887 1215 938 paucilobis‚
1248 888 1457 929 terminali
1490 890 1868 931 ovato-lanceolato

289 936 331 976 in
348 935 455 977 foliis
476 938 649 978 summis
672 938 915 979 lateralibus
930 939 1149 988 subsimili‚
1174 941 1357 992 capitulo
1377 941 1575 982 mediocri
1596 948 1732 990 ovato,
1755 943 1867 983 invo-

289 988 391 1029 lucri
412 989 684 1032 subaraneosi
709 991 860 1044 phyllis
881 992 1026 1044 rigidis
1047 993 1180 1034 ovatis
1206 993 1392 1034 breviter
1411 995 1795 1046 pectinato-ciliatis
1823 996 1865 1036 in

288 1042 452 1093 spinam
491 1048 659 1085 tenuem
701 1045 846 1096 patulo
884 1057 1094 1086 reversam
1133 1046 1173 1086 in
1214 1046 1478 1088 inferioribus
1514 1048 1791 1100 aequilongam
1823 1048 1866 1089 in

288 1096 572 1147 superioribus
592 1097 724 1138 multo
744 1097 977 1139 breviorem
1004 1098 1272 1147 abeuntibus,
1296 1100 1454 1141 intimis
1482 1100 1736 1150 longioribus
1757 1113 1868 1142 mar-

287 1148 383 1199 gine
404 1149 735 1191 membranaceis
757 1163 837 1191 non
859 1152 1099 1203 pectinatis,
1123 1153 1287 1193 corollis
1307 1153 1436 1193 roseis
1459 1157 1516 1199 Ql.

344 1218 437 1252 Hah.
459 1220 494 1253 in
512 1219 610 1253 silvis
633 1220 783 1254 Enboeae
804 1221 1101 1264 septentrionalis
1124 1221 1181 1265 (cl.
1203 1222 1274 1256 JS.
1297 1222 1390 1265 Mill)
1413 1223 1508 1256 (Non
1529 1223 1627 1265 vidi).

344 1283 627 1327 sesquipedalis,
650 1284 737 1318 folia
760 1285 935 1320 inferiora
961 1288 980 1319 3
1011 1286 1174 1330 pollices,
1205 1287 1394 1329 superiora
1418 1288 1711 1331 scsquipollicem
1741 1289 1865 1334 longa,

299 1331 497 1373 capitulum
521 1341 561 1365 eo
585 1330 621 1366 C.
643 1332 822 1367 Scabiosa>
843 1332 1039 1368 subminus.
1061 1334 1117 1367 Ex
1136 1334 1179 1368 cl.
1200 1341 1351 1369 anctore
1373 1334 1492 1369 affinis
1516 1336 1551 1370 C.
1572 1336 1812 1379 scopulorum.

179 1440 270 1486 657,
305 1440 358 1479 C.
385 1439 711 1489 Oliveriana‚
737 1441 846 1482 adde
870 1454 878 1481 :

336 1528 373 1578 β.
405 1525 640 1579 Αηιονῃὶηα
677 1527 829 1573 (Boiss.
865 1534 907 1569 et
926 1528 1093 1580 Orph.).
1119 1553 1167 1559 —
1188 1529 1429 1581 Phyllorum
1457 1531 1664 1583 appendix
1688 1533 1862 1573 minima

283 1578 385 1619 ciliis
407 1580 537 1631 nigris
557 1580 819 1622 brevioribus
840 1582 977 1622 obsita
998 1582 1263 1623 subinermis.

340 1649 434 1684 Hab.
455 1651 490 1684 in
510 1650 662 1694 rupibus
683 1652 871 1686 maritimis
892 1652 1019 1686 insulae
1041 1655 1220 1697 Amorgos
1242 1653 1439 1698 Cycladum
1461 1654 1635 1698 (Orph.!).

174 1778 265 1823 659,
301 1777 354 1817 C.
375 1778 737 1829 erynqioides,
762 1779 870 1820 adde
893 1793 901 1820 :

338 1866 431 1901 Hah.
453 1868 488 1901 in
509 1867 661 1911 rupibus
682 1869 727 1902 ad
749 1869 830 1903 Mar
852 1869 947 1904 Saba
974 1869 1112 1904 Jndseae
1135 1871 1183 1913 (J.
1211 1871 1338 1915 Banu,
1357 1870 1492 1906 deserti
1513 1871 1600 1906 elati
1625 1872 1860 1916 AEgyptiaco-

292 1914 442 1948 Arabici
463 1914 509 1948 ad
529 1915 661 1950 Galala
684 1922 717 1950 et
738 1916 855 1951 Ouadi
876 1917 942 1951 Tin
966 1918 1171 1960 (Schweinf.
1185 1919 1220 1961 !).

172 2049 263 2095 661,
299 2048 351 2087 C.
378 2048 721 2098 Guicciardii‚
745 2049 854 2091 adde
877 2063 885 2090 :

335 2137 429 2171 Hab.
451 2137 485 2171 in
506 2138 710 2182 Eurytania
730 2139 776 2173 ad
800 2139 988 2183 Carpenisi
1010 2142 1221 2175 2500-3000‘
1244 2141 1431 2183 (Heldr.!).

170 2259 261 2306 665,
292 2264 388 2310 post
408 2259 461 2298 C.
484 2259 762 2299 Nimrodis
782 2260 920 2301 insere
943 2272 951 2300 :

331 2348 384 2387 C.
410 2348 620 2387 Glehnii
643 2347 837 2399 (Trautv.
860 2348 954 2389 Act.
979 2348 1094 2390 Petr.
1117 2349 1191 2398 IV,
1210 2362 1251 2402 p.
1276 2350 1371 2401 382)
1386 2350 1574 2391 caulibus
1590 2363 1611 2392 e
1627 2351 1730 2392 collo
1751 2351 1856 2392 mul-

275 2400 424 2451 ticipiti
447 2401 598 2441 erectis
619 2402 832 2453 angulatis
853 2402 1217 2454 setuloso-asperis
1238 2414 1373 2455 parce
1392 2403 1785 2455 corymbo-ramosis
1807 2409 1855 2445 ut

274 2458 317 2493 et
336 2454 442 2494 rami
463 2454 751 2505 monocephali
774 2453 943 2503 foliatis,
967 2454 1074 2496 foliis
1095 2455 1280 2497 breviter
1305 2456 1500 2497 setulosis
1522 2456 1668 2508 lyratis
1694 2457 1853 2499 laciniis

274 2506 596 2547 decurrentibus
627 2507 985 2560 lineari-oblongis
1015 2509 1192 2559 integris
1225 2509 1434 2550 terminali
1467 2510 1625 2562 majore
1658 2510 1854 2551 obovato-

274 2559 455 2611 oblonga
485 2560 748 2600 acutiuscula
767 2572 893 2613 parce
913 2566 956 2602 et
976 2561 1124 2602 obtuse
1146 2561 1335 2611 dentata,
1364 2562 1534 2603 rachide
1554 2563 1855 2615 angustissima

272 2612 540 2663 subintegra,
582 2613 776 2665 capitulis
813 2614 1093 2655 mediocribus
1132 2615 1395 2667 subglobosis
1409 2648 1418 2664 ,
1459 2615 1661 2656 involucri
1701 2616 1853 2669 phyllis

272 2665 562 2706 arachnoideis
584 2666 750 2707 demum
771 2667 976 2718 glabratis
992 2667 1246 2709 abeuntibus
1266 2669 1308 2708 in
1330 2668 1581 2721 appendices
1603 2669 1687 2709 late
1707 2672 1852 2710 ovatas

270 2717 409 2759 fuscas
431 2718 702 2760 decurrentes
724 2720 827 2760 ciliis
850 2720 955 2761 albis
975 2720 1121 2769 rigidis
1139 2720 1380 2773 appendicis
1402 2721 1669 2762 latitudinem
1686 2733 1853 2774 aequan-

273 2771 385 2812 tibus
400 2772 637 2823 pectinatas
655 2773 776 2824 spina
792 2774 982 2814 tenuiore
998 2773 1102 2814 ciliis
1117 2774 1353 2826 aequilonga
1368 2774 1431 2815 vel
1452 2774 1637 2826 longiore
1655 2775 1853 2815 termina-

271 2829 352 2873 tas,
370 2824 550 2865 flosculis
571 2826 792 2877 purpureis
808 2838 889 2866 non
908 2826 1188 2876 radiantibus,
1207 2827 1391 2868 acheniis
1407 2827 1605 2879 adpresse
1618 2827 1848 2880 puberulis‚

270 2889 407 2930 pappo
428 2877 690 2919 fuscescente
711 2883 884 2919 externo
905 2879 1089 2920 acheniis
1111 2880 1176 2920 vix
1196 2880 1384 2932 longiore
1412 2884 1470 2927 Ql.

330 2947 423 2982 Hab.
450 2949 485 2982 in
513 2949 687 2982 Armenia
722 2949 873 2984 Rossica
903 2950 997 2984 inter
1025 2949 1303 2994 Alexandropol
1335 2956 1370 2985 et
1399 2951 1564 2985 Mastara
1593 2956 1704 2994 atque
1736 2961 1852 2995 prope

284 2995 409 3030 Azkar
431 2995 589 3037 (Radde)
605 2996 700 3034 ‹Non
722 2996 819 3040 vidi).
