2115 3250
215 198 320 234 Rosa.
959 208 1137 232 nosmmz.
1819 198 1887 233 229

320 331 446 379 tibus,
480 331 633 383 petiolo
667 330 787 370 valde
825 330 1014 370 aculeato
1053 341 1147 369 raro
1184 328 1443 380 glanduloso,
1479 329 1642 380 stipulis
1681 330 1886 375 angustis,

318 383 487 424 floribus
518 382 1036 434 umbellato-corymbosis
1069 393 1163 422 raro
1198 381 1393 422 solitariis
1427 382 1549 429 longe
1581 381 1887 432 peduncnlatis,

318 436 561 488 pedunculis
581 435 929 487 receptaculoque
948 434 1199 486 subgloboso
1217 435 1308 485 plus
1329 435 1465 474 minus
1483 434 1751 482 glandulosis,
1772 446 1889 485 sopa-

318 489 367 529 lis
388 489 508 529 dorso
524 487 651 528 dense
671 487 926 539 glanduloffls
942 487 1195 528 abbreviatis
1210 487 1459 527 acuminatis
1474 486 1728 536 subintogris
1746 492 1890 536 paton-

320 541 446 589 tibus,
470 540 622 580 corolla
642 540 780 580 media
799 540 909 588 alba,
933 543 973 580 st
1004 539 1050 580 lis
1080 539 1121 579 in
1147 539 1381 579 columnam
1411 539 1649 590 elongatam
1684 539 1887 589 hispidam

319 594 523 641 connatis,
546 593 711 633 urceolo
736 597 903 633 maturo
929 604 977 632 su
996 592 1180 643 ›globoso
1214 592 1344 631 diluto
1374 592 1500 631 rubro
1535 604 1682 642 parum
1718 592 1889 643 pulposo

318 646 469 698 sepalis
491 645 708 686 destituto.

377 714 471 749 Hab.
491 715 586 748 circa
606 714 769 748 Athenas
798 714 898 748 culta
924 714 959 747 in
986 715 1100 748 hortis
1127 720 1162 748 et
1191 720 1391 757 spontanea
1417 714 1585 756 (Haussk.
1608 723 1639 746 a.
1664 715 1777 751 1885),
1800 724 1829 747 e.
1857 725 1890 756 g.

331 761 377 795 ad
398 762 549 806 llyssum
572 760 741 804 (Heldr.)‚
765 762 800 795 in
821 766 942 795 monte
963 761 1146 795 Pentelico
1168 761 1307 797 (Heldr.
1336 761 1360 794 f.
1392 760 1583 804 leiostyla1,
1612 771 1724 803 prope
1756 761 1891 804 Byzan-

332 809 419 889 Ἧιῐῐι
460 809 649 899 ((ἐιιηέἓιὸιζ),
687 808 722 842 in
759 808 885 843 insulis
923 808 1110 852 Zacyntho
1150 807 1326 852 (Margot)
1364 813 1400 841 et
1436 810 1544 842 Creta
1583 806 1628 840 ad
1667 807 1892 850 Apokorona

332 863 338 891 1
380 865 484 889 everc
515 882 521 888 .
629 882 635 888 .

377 917 444 952 Ar.
465 917 608 960 Geogr.
628 919 777 963 Europa
794 918 1075 962 Mediterranea,
1095 918 1336 952 Mauretania.

373 1049 431 1088 R.
454 1048 1307 1098 sempervirentixdumetorum.
1321 1070 1372 1075 —
1386 1046 1538 1088 Differt
1553 1059 1576 1087 a
1596 1047 1776 1098 genuina
1789 1061 1893 1088 sem-

317 1101 553 1153 permente
573 1100 678 1142 foliis
699 1102 739 1142 in
799 1100 923 1141 etiolo
951 1104 993 1141 et
1018 1100 1167 1141 subtus
1197 1100 1523 1152 pubescentibus
1556 1100 1716 1141 obtusis
1743 1100 1891 1141 herba-

319 1154 400 1195 ccis
421 1166 563 1206 grosse
583 1159 625 1194 et
646 1154 729 1195 late
779 1154 948 1201 ematis,
971 1153 1215 1205 pedunculis
1235 1152 1509 1201 brevioribus,
1531 1153 1713 1194 bracteis
1735 1153 1893 1194 latiori-

317 1206 409 1255 bus,
432 1207 583 1259 sepalis
604 1207 725 1248 valde
744 1206 1002 1259 pinnatifidis
1023 1205 1219 1254 foliace³.*‚
1244 1206 1436 1246 columna
1455 1206 1659 1299 stylorum
1683 1207 1888 1255 breviore,

317 1258 625 1300 inflorescentia
645 1259 855 1311 degeneri,
878 1259 1048 1300 floribus
1065 1258 1267 1311 adspectu
1287 1259 1492 1299 semisteri
1513 1259 1620 1299 ibus.
1638 1282 1691 1287 —
1711 1259 1766 1300 R.
1789 1273 1891 1300 sem-

318 1312 535 1365 pervirens
565 1312 613 1353 L.
642 1325 730 1353 var.
765 1325 894 1363 opaca
920 1312 1140 1354 Uechtritz
1173 1311 1284 1363 apud
1316 1311 1513 1360 Sintenis,
1549 1312 1630 1352 iter
1661 1312 1889 1364 Trojanum

323 1367 437 1413 1883,
461 1373 503 1406 n⁰
523 1369 601 1406 844
620 1366 661 1406 in
682 1365 824 1406 sched.

379 1437 472 1471 Hah.
492 1437 527 1471 in
548 1437 644 1471 valle
664 1436 700 1472 fl.
719 1437 852 1472 Rhodii
872 1437 917 1471 ad
935 1436 1179 1471 Dardanellos
1197 1438 1326 1477 (Sint.l.

756 1601 882 1644 Smer.
906 1602 999 1643 VII.
1033 1603 1346 1642 Moschatae.

372 1726 437 1763 45.
471 1724 529 1763 R.
552 1723 836 1763 moschata
857 1723 980 1774 (Mill.
1004 1724 1115 1764 Dict.
1138 1722 1192 1763 N⁰
1218 1723 1282 1769 13)
1313 1722 1450 1763 frutex
1480 1723 1629 1770 elatus,
1654 1724 1782 1764 ramis
1803 1723 1891 1764 lon-

321 1776 489 1827 gissime
529 1775 828 1817 scandentibus
865 1775 1077 1828 pendulis,
1117 1776 1484 1824 bomocacanthus,
1526 1776 1680 1817 aculeis
1718 1776 1886 1824 validis,

320 1828 642 1881 macrophyllus‚
666 1829 814 1869 toliolis
835 1832 901 1871 5-7
932 1829 1325 1869 ovato-acuminatis
1352 1829 1567 1869 lierbaceis
1595 1829 1734 1881 opacis
1763 1841 1890 1882 supra

319 1881 490 1922 laevibus
509 1882 549 1922 in
572 1881 707 1922 nervis
727 1882 875 1922 subtus
895 1882 1221 1934 pubescentibus
1244 1882 1489 1933 simpliciter
1514 1882 1889 1923 dentato-crenatis

321 1933 514 1975 dentibus
533 1934 730 1975 brevibus
749 1934 870 1975 valde
891 1935 1222 1978 conniventibus.
1245 1935 1398 1986 petiolo
1419 1935 1609 1975 aculeato
1636 1935 1890 1987 pubescente

322 1986 581 2038 glanduloso‚
604 1988 768 2039 stipulis
789 1987 977 2039 angustis
998 1999 1177 2039 superne
1199 1987 1401 2035 dilatatis,
1420 1987 1591 2028 floribus
1612 1988 1890 2029 mediocribus

321 2039 573 2092 corymbosis
595 2041 942 2081 numerosissimis
958 2041 1197 2089 longissime
1214 2041 1521 2092 peduiiculatis,
1540 2041 1745 2093 corymbis
1762 2042 1892 2092 3-plo-

321 2091 374 2132 ad
399 2093 771 2145 4-plo-compositis
797 2093 978 2134 bracteis
1004 2094 1210 2145 elongatis
1241 2093 1483 2134 lanceolatis
1513 2093 1708 2142 suffultis,
1762 2094 1891 2135 edun-

321 2145 412 2185 culo
445 2146 708 2197 receptaculo
736 2146 1056 2198 sepalorumque
1086 2147 1206 2187 dorso
1234 2146 1361 2187 dense
1388 2152 1429 2187 et
1456 2147 1891 2198 incano-glamuloso-

321 2198 547 2249 puberulis‚
588 2199 852 2250 receptaculo
891 2199 1332 2251 cylindrico-elongato
1365 2211 1492 2251 supra
1524 2200 1562 2239 in
1599 2200 1748 2240 collum
1786 2204 1893 2240 atte-

322 2255 464 2299 nuato,
488 2251 710 2291 alabastris
731 2253 1042 2300 ovato-conicis‚
1065 2252 1216 2304 sepalis
1237 2252 1313 2293 sub
1333 2252 1524 2293 anthesin
1549 2252 1709 2293 reflexis
1733 2254 1893 2294 lanceo-

321 2303 652 2344 lato-linearibus
676 2305 915 2356 longissime
946 2305 1195 2346 acuminatis
1226 2305 1492 2345 subindivisis
1519 2306 1668 2357 petalis
1696 2307 1893 2358 aequilen-

323 2356 385 2408 gis
405 2356 726 2408 longioribusve‚
751 2357 904 2398 corolla
923 2357 1122 2398 mediocri
1144 2358 1239 2398 alba
1259 2362 1378 2398 extus
1400 2358 1547 2398 leviter
1562 2359 1754 2407 rubente,
1773 2359 1893 2411 stylis

321 2409 363 2449 in
384 2409 618 2449 columnam
647 2409 884 2462 elongatam
914 2410 1121 2462 hispidam
1146 2411 1376 2463 productis,
1409 2411 1574 2451 urceolo
1605 2417 1770 2452 maturo
1797 2412 1894 2452 sub-

323 2461 492 2512 globoso
512 2462 698 2503 latericio
718 2462 804 2504 fere
824 2463 932 2504 sicco
952 2464 1103 2515 sepalis
1125 2463 1344 2504 destituto.

382 2533 476 2567 Hab.
493 2534 529 2567 in
547 2533 742 2577 Affgbania
762 2534 808 2568 ad
827 2534 978 2578 Otipore
997 2534 1131 2578 (Griff.)
1152 2540 1187 2569 et
1204 2535 1239 2568 in
1260 2535 1355 2569 valle
1376 2535 1512 2569 Kuram
1533 2535 1665 2578 (Aitch.
1687 2538 1718 2580 2,
1739 2536 1834 2579 472).

382 2594 449 2629 Ar.
468 2595 611 2639 Googr.
634 2597 690 2631 Ab
711 2597 814 2632 India
833 2597 974 2633 boreali
996 2598 1055 2641 (R.
1076 2599 1263 2633 Brmzonii'
1282 2598 1417 2639 Lindl.)
1438 2599 1483 2632 ad
1506 2610 1632 2643 agrum
1654 2600 1894 2643 Tunetanum,

335 2643 613 2687 Mauretaniam,
631 2644 800 2688 Siciliam,
817 2656 944 2695 agrum
964 2646 1269 2680 Ruscinonensem
1291 2646 1350 2689 (R.
1372 2646 1658 2681 Ruscinonensis
1677 2647 1812 2690 Gren.).

375 2724 412 2775 β.
435 2721 702 2764 Nastarana.
719 2747 770 2752 —
785 2723 936 2765 Differt
951 2724 1097 2766 foliolis
1111 2725 1341 2766 minoribus
1357 2725 1601 2766 densissime
1616 2730 1659 2767 et
1673 2731 1796 2767 acute
1810 2738 1895 2767 ser-

323 2775 426 2815 ratis
446 2775 603 2826 glaucis
624 2776 795 2827 glabris,
813 2777 977 2828 petiolis
999 2790 1146 2829 parum
1165 2778 1490 2830 pubescentibus
1508 2779 1758 2819 eminentius
1779 2779 1896 2830 glan-

324 2825 493 2875 dulosis‚
533 2828 767 2869 tui-ionibus
799 2829 1031 2871 hornotinis
1063 2842 1111 2871 ex
1143 2830 1276 2871 axillis
1310 2829 1500 2871 foliorum
1533 2830 1654 2872 flores
1687 2832 1895 2872 solitarios

324 2879 597 2921 creberrimos
617 2881 924 2923 emittentibus.

383 2950 477 2984 Hab.
509 2952 545 2985 in
577 2951 711 2986 Persiae
741 2963 841 2996 prov.
863 2953 1074 2988 Khorassan
1108 2954 1203 2989 inter
1229 2954 1427 2989 Meschhed
1454 2961 1489 2989 et
1516 2954 1630 2989 Herat
1662 2955 1781 2999 (Bge.)
1803 2960 1838 2989 et
1859 2956 1897 2988 in
