<?xml version="1.0" encoding="UTF-8"?>
<!DOCTYPE html PUBLIC "-//W3C//DTD XHTML 1.0 Transitional//EN"
    "http://www.w3.org/TR/xhtml1/DTD/xhtml1-transitional.dtd">
<html xmlns="http://www.w3.org/1999/xhtml" xml:lang="en" lang="en">
 <head>
  <title>
</title>
<meta http-equiv="Content-Type" content="text/html;charset=utf-8" />
  <meta name='ocr-system' content='tesseract 3.04.00' />
  <meta name='ocr-capabilities' content='ocr_page ocr_carea ocr_par ocr_line ocrx_word'/>
</head>
<body>
  <div class='ocr_page' id='page_1' title='image "./floraorientaliss00bois/floraorientaliss00bois_0157.png"; bbox 0 0 2115 3250; ppageno 0'>
   <div class='ocr_carea' id='block_1_1' title="bbox 251 221 1913 267">
    <p class='ocr_par' dir='ltr' id='par_1_1' title="bbox 251 221 1913 267">
     <span class='ocr_line' id='line_1_1' title="bbox 251 221 1913 267; baseline 0.006 -12"><span class='ocrx_word' id='word_1_1' title='bbox 251 221 406 267; x_wconf 77' lang='lat' dir='ltr'>Thurya.</span> <span class='ocrx_word' id='word_1_2' title='bbox 995 235 1168 259; x_wconf 73' lang='lat' dir='ltr'>ALSINEAE.</span> <span class='ocrx_word' id='word_1_3' title='bbox 1847 230 1913 266; x_wconf 85' lang='lat'>115</span> 
     </span>
    </p>
   </div>
   <div class='ocr_carea' id='block_1_2' title="bbox 246 301 318 336">
    <p class='ocr_par' dir='ltr' id='par_1_2' title="bbox 246 301 318 336">
     <span class='ocr_line' id='line_1_2' title="bbox 246 301 318 336; baseline 0.014 -8"><span class='ocrx_word' id='word_1_4' title='bbox 246 301 318 336; x_wconf 70' lang='lat' dir='ltr'>Peg.</span> 
     </span>
    </p>
   </div>
   <div class='ocr_carea' id='block_1_3' title="bbox 249 355 1913 459">
    <p class='ocr_par' dir='ltr' id='par_1_3' title="bbox 249 355 1913 459">
     <span class='ocr_line' id='line_1_3' title="bbox 249 355 1913 448; baseline 0.005 -53"><span class='ocrx_word' id='word_1_5' title='bbox 249 356 340 403; x_wconf 82' lang='grc'>689,</span> <span class='ocrx_word' id='word_1_6' title='bbox 371 355 602 448; x_wconf 54' lang='grc' dir='ltr'>ἷὶἒυζγε,</span> <span class='ocrx_word' id='word_1_7' title='bbox 624 355 665 396; x_wconf 93' lang='lat' dir='ltr'>in</span> <span class='ocrx_word' id='word_1_8' title='bbox 692 355 970 408; x_wconf 79' lang='lat' dir='ltr'>descriptione</span> <span class='ocrx_word' id='word_1_9' title='bbox 992 368 1066 408; x_wconf 90' lang='lat' dir='ltr'>pro</span> <span class='ocrx_word' id='word_1_10' title='bbox 1090 371 1106 395; x_wconf 89' lang='lat'>«</span> <span class='ocrx_word' id='word_1_11' title='bbox 1128 357 1323 410; x_wconf 63' lang='lat' dir='ltr'>placenta</span> <span class='ocrx_word' id='word_1_12' title='bbox 1344 358 1496 410; x_wconf 54' lang='lat' dir='ltr'>,qlabrci</span> <span class='ocrx_word' id='word_1_13' title='bbox 1519 373 1535 396; x_wconf 90' lang='lat'>»</span> <span class='ocrx_word' id='word_1_14' title='bbox 1565 360 1656 411; x_wconf 88' lang='lat' dir='ltr'>lege</span> <span class='ocrx_word' id='word_1_15' title='bbox 1682 375 1698 399; x_wconf 86' lang='lat'>«</span> <span class='ocrx_word' id='word_1_16' title='bbox 1718 361 1913 412; x_wconf 60' lang='lat' dir='ltr'>placenta</span> 
     </span>
     <span class='ocr_line' id='line_1_4' title="bbox 350 419 571 459; baseline 0.005 -12"><span class='ocrx_word' id='word_1_17' title='bbox 350 421 379 459; x_wconf 41' lang='lat' dir='ltr'>,q</span> <span class='ocrx_word' id='word_1_18' title='bbox 398 420 419 447; x_wconf 90' lang='grc' dir='ltr'><strong><em>ο</em></strong></span> <span class='ocrx_word' id='word_1_19' title='bbox 447 419 533 448; x_wconf 84' lang='lat' dir='ltr'>osa.</span> <span class='ocrx_word' id='word_1_20' title='bbox 555 420 571 444; x_wconf 89' lang='lat'>»</span> 
     </span>
    </p>
   </div>
   <div class='ocr_carea' id='block_1_4' title="bbox 246 568 1910 674">
    <p class='ocr_par' dir='ltr' id='par_1_4' title="bbox 246 568 1910 674">
     <span class='ocr_line' id='line_1_5' title="bbox 246 568 1910 627; baseline 0.006 -19"><span class='ocrx_word' id='word_1_21' title='bbox 246 570 337 616; x_wconf 85' lang='lat'><strong>694,</strong></span> <span class='ocrx_word' id='word_1_22' title='bbox 368 568 629 609; x_wconf 84' lang='lat' dir='ltr'><strong>Arenaria</strong></span> <span class='ocrx_word' id='word_1_23' title='bbox 649 569 908 618; x_wconf 85' lang='lat' dir='ltr'>holostea,</span> <span class='ocrx_word' id='word_1_24' title='bbox 926 569 1034 611; x_wconf 89' lang='lat' dir='ltr'>adde</span> <span class='ocrx_word' id='word_1_25' title='bbox 1053 582 1144 623; x_wconf 90' lang='lat' dir='ltr'>syn.</span> <span class='ocrx_word' id='word_1_26' title='bbox 1164 583 1173 611; x_wconf 89' lang='lat'><strong>:</strong></span> <span class='ocrx_word' id='word_1_27' title='bbox 1197 571 1454 626; x_wconf 71' lang='lat' dir='ltr'>Eremoqone</span> <span class='ocrx_word' id='word_1_28' title='bbox 1475 573 1671 615; x_wconf 77' lang='lat' dir='ltr'>Holostea</span> <span class='ocrx_word' id='word_1_29' title='bbox 1693 575 1823 627; x_wconf 90' lang='lat' dir='ltr'>Rupr.</span> <span class='ocrx_word' id='word_1_30' title='bbox 1847 577 1910 618; x_wconf 88' lang='lat' dir='ltr'>Fl.</span> 
     </span>
     <span class='ocr_line' id='line_1_6' title="bbox 352 619 1003 674; baseline 0.005 -14"><span class='ocrx_word' id='word_1_31' title='bbox 352 619 497 669; x_wconf 85' lang='lat' dir='ltr'>Cauc.,</span> <span class='ocrx_word' id='word_1_32' title='bbox 519 633 561 673; x_wconf 91' lang='lat' dir='ltr'>p.</span> <span class='ocrx_word' id='word_1_33' title='bbox 584 624 675 671; x_wconf 88' lang='grc'>217,</span> <span class='ocrx_word' id='word_1_34' title='bbox 699 621 787 663; x_wconf 85' lang='lat' dir='ltr'>tab.</span> <span class='ocrx_word' id='word_1_35' title='bbox 810 625 848 671; x_wconf 89' lang='lat'>6,</span> <span class='ocrx_word' id='word_1_36' title='bbox 871 621 942 674; x_wconf 88' lang='lat' dir='ltr'>fig.</span> <span class='ocrx_word' id='word_1_37' title='bbox 966 626 1003 664; x_wconf 90' lang='lat'>3.</span> 
     </span>
    </p>
   </div>
   <div class='ocr_carea' id='block_1_5' title="bbox 362 707 1914 807">
    <p class='ocr_par' dir='ltr' id='par_1_5' title="bbox 362 707 1914 807">
     <span class='ocr_line' id='line_1_7' title="bbox 409 707 1914 760; baseline 0.007 -19"><span class='ocrx_word' id='word_1_38' title='bbox 409 707 501 742; x_wconf 90' lang='lat' dir='ltr'>Hab.</span> <span class='ocrx_word' id='word_1_39' title='bbox 532 709 568 742; x_wconf 94' lang='lat' dir='ltr'>in</span> <span class='ocrx_word' id='word_1_40' title='bbox 602 708 700 743; x_wconf 82' lang='lat' dir='ltr'>valle</span> <span class='ocrx_word' id='word_1_41' title='bbox 731 709 928 744; x_wconf 68' lang='lat' dir='ltr'>Caucasio-22</span> <span class='ocrx_word' id='word_1_42' title='bbox 960 710 1078 744; x_wconf 87' lang='lat' dir='ltr'>Terek</span> <span class='ocrx_word' id='word_1_43' title='bbox 1107 711 1201 745; x_wconf 87' lang='lat' dir='ltr'>inter</span> <span class='ocrx_word' id='word_1_44' title='bbox 1229 712 1337 746; x_wconf 87' lang='lat' dir='ltr'>Balta</span> <span class='ocrx_word' id='word_1_45' title='bbox 1372 717 1407 747; x_wconf 88' lang='lat' dir='ltr'>et</span> <span class='ocrx_word' id='word_1_46' title='bbox 1438 713 1529 747; x_wconf 86' lang='lat' dir='ltr'>Lars</span> <span class='ocrx_word' id='word_1_47' title='bbox 1559 716 1658 748; x_wconf 89' lang='lat'><strong>3000·</strong></span> <span class='ocrx_word' id='word_1_48' title='bbox 1694 715 1849 760; x_wconf 87' lang='lat' dir='ltr'>(Rupr.),</span> <span class='ocrx_word' id='word_1_49' title='bbox 1879 718 1914 751; x_wconf 91' lang='lat' dir='ltr'>in</span> 
     </span>
     <span class='ocr_line' id='line_1_8' title="bbox 362 754 1832 807; baseline 0.006 -19"><span class='ocrx_word' id='word_1_50' title='bbox 362 754 611 799; x_wconf 75' lang='lat' dir='ltr'>Daghestania</span> <span class='ocrx_word' id='word_1_51' title='bbox 630 756 748 790; x_wconf 80' lang='lat' dir='ltr'>media</span> <span class='ocrx_word' id='word_1_52' title='bbox 770 757 967 800; x_wconf 78' lang='lat' dir='ltr'>(Beckerl),</span> <span class='ocrx_word' id='word_1_53' title='bbox 987 767 1098 801; x_wconf 89' lang='lat' dir='ltr'>supra</span> <span class='ocrx_word' id='word_1_54' title='bbox 1119 758 1236 792; x_wconf 91' lang='lat' dir='ltr'>Gunib</span> <span class='ocrx_word' id='word_1_55' title='bbox 1258 764 1293 793; x_wconf 89' lang='lat' dir='ltr'>et</span> <span class='ocrx_word' id='word_1_56' title='bbox 1314 760 1426 794; x_wconf 89' lang='lat' dir='ltr'>Gimri</span> <span class='ocrx_word' id='word_1_57' title='bbox 1446 762 1658 795; x_wconf 85' lang='lat'><strong>3600-4300&#39;</strong></span> <span class='ocrx_word' id='word_1_58' title='bbox 1678 762 1832 807; x_wconf 88' lang='lat' dir='ltr'>(Rupr.).</span> 
     </span>
    </p>
   </div>
   <div class='ocr_carea' id='block_1_6' title="bbox 410 818 1914 870">
    <p class='ocr_par' dir='ltr' id='par_1_6' title="bbox 410 818 1914 870">
     <span class='ocr_line' id='line_1_9' title="bbox 410 818 1914 870; baseline 0.007 -18"><span class='ocrx_word' id='word_1_59' title='bbox 410 818 541 853; x_wconf 88' lang='lat' dir='ltr'>Affinis</span> <span class='ocrx_word' id='word_1_60' title='bbox 559 820 606 854; x_wconf 83' lang='lat' dir='ltr'>A.</span> <span class='ocrx_word' id='word_1_61' title='bbox 626 820 827 865; x_wconf 79' lang='lat' dir='ltr'>lychnideoe,</span> <span class='ocrx_word' id='word_1_62' title='bbox 848 820 911 855; x_wconf 91' lang='lat' dir='ltr'>sed</span> <span class='ocrx_word' id='word_1_63' title='bbox 932 832 1033 865; x_wconf 88' lang='lat' dir='ltr'>cyma</span> <span class='ocrx_word' id='word_1_64' title='bbox 1051 821 1169 856; x_wconf 84' lang='lat' dir='ltr'>laxior</span> <span class='ocrx_word' id='word_1_65' title='bbox 1189 822 1409 866; x_wconf 86' lang='lat' dir='ltr'>glaberrima</span> <span class='ocrx_word' id='word_1_66' title='bbox 1428 835 1493 858; x_wconf 85' lang='lat' dir='ltr'>nec</span> <span class='ocrx_word' id='word_1_67' title='bbox 1509 825 1736 870; x_wconf 83' lang='lat' dir='ltr'>glandulosa‚</span> <span class='ocrx_word' id='word_1_68' title='bbox 1755 826 1914 862; x_wconf 85' lang='lat' dir='ltr'>bracteae</span> 
     </span>
    </p>
   </div>
   <div class='ocr_carea' id='block_1_7' title="bbox 362 866 1915 956">
    <p class='ocr_par' dir='ltr' id='par_1_7' title="bbox 362 866 1915 956">
     <span class='ocr_line' id='line_1_10' title="bbox 362 866 1915 946; baseline 0.006 -47"><span class='ocrx_word' id='word_1_69' title='bbox 362 866 480 946; x_wconf 86' lang='lat' dir='ltr'>multol</span> <span class='ocrx_word' id='word_1_70' title='bbox 493 866 672 910; x_wconf 88' lang='lat' dir='ltr'>longiores</span> <span class='ocrx_word' id='word_1_71' title='bbox 692 868 860 902; x_wconf 86' lang='lat' dir='ltr'>scariosae</span> <span class='ocrx_word' id='word_1_72' title='bbox 881 869 1096 902; x_wconf 83' lang='lat' dir='ltr'>acuminatae</span> <span class='ocrx_word' id='word_1_73' title='bbox 1116 879 1181 903; x_wconf 89' lang='lat' dir='ltr'>nec</span> <span class='ocrx_word' id='word_1_74' title='bbox 1201 871 1348 904; x_wconf 86' lang='lat' dir='ltr'>minutae</span> <span class='ocrx_word' id='word_1_75' title='bbox 1365 870 1566 915; x_wconf 72' lang='lat' dir='ltr'>herbaceae,</span> <span class='ocrx_word' id='word_1_76' title='bbox 1587 874 1695 907; x_wconf 84' lang='lat' dir='ltr'>statio</span> <span class='ocrx_word' id='word_1_77' title='bbox 1722 873 1915 918; x_wconf 82' lang='lat' dir='ltr'>subalpina</span> 
     </span>
     <span class='ocr_line' id='line_1_11' title="bbox 362 923 581 956; baseline 0 -9"><span class='ocrx_word' id='word_1_78' title='bbox 362 923 428 947; x_wconf 88' lang='lat' dir='ltr'>nec</span> <span class='ocrx_word' id='word_1_79' title='bbox 447 923 468 947; x_wconf 87' lang='lat' dir='ltr'>a</span> <span class='ocrx_word' id='word_1_80' title='bbox 485 924 581 956; x_wconf 88' lang='lat' dir='ltr'>pma.</span> 
     </span>
    </p>
   </div>
   <div class='ocr_carea' id='block_1_8' title="bbox 245 1071 910 1124">
    <p class='ocr_par' dir='ltr' id='par_1_8' title="bbox 245 1071 910 1124">
     <span class='ocr_line' id='line_1_12' title="bbox 245 1071 910 1124; baseline 0.003 -10"><span class='ocrx_word' id='word_1_81' title='bbox 245 1076 337 1122; x_wconf 91' lang='lat'><strong>696,</strong></span> <span class='ocrx_word' id='word_1_82' title='bbox 367 1077 425 1114; x_wconf 87' lang='lat' dir='ltr'>A.</span> <span class='ocrx_word' id='word_1_83' title='bbox 447 1071 749 1124; x_wconf 85' lang='lat' dir='ltr'>lychni‘dea,</span> <span class='ocrx_word' id='word_1_84' title='bbox 772 1074 880 1116; x_wconf 89' lang='lat' dir='ltr'>adde</span> <span class='ocrx_word' id='word_1_85' title='bbox 902 1087 910 1116; x_wconf 93' lang='lat'>:</span> 
     </span>
    </p>
   </div>
   <div class='ocr_carea' id='block_1_9' title="bbox 406 1161 1692 1213">
    <p class='ocr_par' dir='ltr' id='par_1_9' title="bbox 406 1161 1692 1213">
     <span class='ocr_line' id='line_1_13' title="bbox 406 1161 1692 1213; baseline 0.006 -18"><span class='ocrx_word' id='word_1_86' title='bbox 406 1161 499 1196; x_wconf 89' lang='lat' dir='ltr'>Hab.</span> <span class='ocrx_word' id='word_1_87' title='bbox 516 1162 553 1196; x_wconf 91' lang='lat' dir='ltr'>in</span> <span class='ocrx_word' id='word_1_88' title='bbox 566 1163 752 1206; x_wconf 88' lang='lat' dir='ltr'>graniticis</span> <span class='ocrx_word' id='word_1_89' title='bbox 773 1167 808 1197; x_wconf 88' lang='lat' dir='ltr'>et</span> <span class='ocrx_word' id='word_1_90' title='bbox 828 1163 1013 1199; x_wconf 86' lang='lat' dir='ltr'>schistosis</span> <span class='ocrx_word' id='word_1_91' title='bbox 1033 1165 1143 1199; x_wconf 88' lang='lat' dir='ltr'>totius</span> <span class='ocrx_word' id='word_1_92' title='bbox 1163 1166 1314 1201; x_wconf 85' lang='lat' dir='ltr'>Caucasi</span> <span class='ocrx_word' id='word_1_93' title='bbox 1331 1168 1497 1202; x_wconf 86' lang='lat'><strong>8-10300‘</strong></span> <span class='ocrx_word' id='word_1_94' title='bbox 1517 1168 1645 1212; x_wconf 89' lang='lat' dir='ltr'>(Rupr.</span> <span class='ocrx_word' id='word_1_95' title='bbox 1658 1170 1692 1213; x_wconf 91' lang='lat'>!).</span> 
     </span>
    </p>
   </div>
   <div class='ocr_carea' id='block_1_10' title="bbox 243 1321 974 1369">
    <p class='ocr_par' dir='ltr' id='par_1_10' title="bbox 243 1321 974 1369">
     <span class='ocr_line' id='line_1_14' title="bbox 243 1321 974 1369; baseline 0.003 -8"><span class='ocrx_word' id='word_1_96' title='bbox 243 1322 335 1368; x_wconf 85' lang='lat'><strong>697,</strong></span> <span class='ocrx_word' id='word_1_97' title='bbox 367 1321 424 1359; x_wconf 89' lang='lat' dir='ltr'>A.</span> <span class='ocrx_word' id='word_1_98' title='bbox 449 1321 812 1369; x_wconf 86' lang='lat' dir='ltr'>Lessertiana,</span> <span class='ocrx_word' id='word_1_99' title='bbox 834 1321 943 1363; x_wconf 89' lang='lat' dir='ltr'>adde</span> <span class='ocrx_word' id='word_1_100' title='bbox 965 1334 974 1362; x_wconf 92' lang='lat'>:</span> 
     </span>
    </p>
   </div>
   <div class='ocr_carea' id='block_1_11' title="bbox 359 1407 1914 1595">
    <p class='ocr_par' dir='ltr' id='par_1_11' title="bbox 359 1407 1914 1595">
     <span class='ocr_line' id='line_1_15' title="bbox 405 1407 1914 1459; baseline 0.007 -18"><span class='ocrx_word' id='word_1_101' title='bbox 405 1407 499 1442; x_wconf 88' lang='lat' dir='ltr'>Hab.</span> <span class='ocrx_word' id='word_1_102' title='bbox 519 1408 555 1442; x_wconf 92' lang='lat' dir='ltr'>in</span> <span class='ocrx_word' id='word_1_103' title='bbox 573 1408 754 1443; x_wconf 91' lang='lat' dir='ltr'>montibus</span> <span class='ocrx_word' id='word_1_104' title='bbox 771 1410 910 1444; x_wconf 89' lang='lat' dir='ltr'>Sawers</span> <span class='ocrx_word' id='word_1_105' title='bbox 928 1414 964 1444; x_wconf 88' lang='lat' dir='ltr'>et</span> <span class='ocrx_word' id='word_1_106' title='bbox 982 1410 1061 1444; x_wconf 91' lang='lat' dir='ltr'>Nur</span> <span class='ocrx_word' id='word_1_107' title='bbox 1079 1411 1211 1445; x_wconf 88' lang='lat' dir='ltr'>Persiae</span> <span class='ocrx_word' id='word_1_108' title='bbox 1232 1411 1465 1448; x_wconf 87' lang='lat' dir='ltr'>occidentalis</span> <span class='ocrx_word' id='word_1_109' title='bbox 1489 1416 1675 1449; x_wconf 86' lang='lat'><strong>10-13000&#39;</strong></span> <span class='ocrx_word' id='word_1_110' title='bbox 1695 1415 1867 1456; x_wconf 89' lang='lat' dir='ltr'>(Haussk.</span> <span class='ocrx_word' id='word_1_111' title='bbox 1879 1418 1914 1459; x_wconf 87' lang='lat'>!).</span> 
     </span>
     <span class='ocr_line' id='line_1_16' title="bbox 359 1455 1914 1508; baseline 0.006 -19"><span class='ocrx_word' id='word_1_112' title='bbox 359 1456 445 1490; x_wconf 91' lang='lat' dir='ltr'>Var.</span> <span class='ocrx_word' id='word_1_113' title='bbox 467 1455 496 1493; x_wconf 78' lang='grc' dir='ltr'>β.</span> <span class='ocrx_word' id='word_1_114' title='bbox 517 1455 632 1489; x_wconf 80' lang='lat' dir='ltr'>minor</span> <span class='ocrx_word' id='word_1_115' title='bbox 656 1456 691 1489; x_wconf 92' lang='lat' dir='ltr'>in</span> <span class='ocrx_word' id='word_1_116' title='bbox 722 1456 904 1491; x_wconf 90' lang='lat' dir='ltr'>montibus</span> <span class='ocrx_word' id='word_1_117' title='bbox 932 1459 1115 1491; x_wconf 89' lang='lat' dir='ltr'>Avroman</span> <span class='ocrx_word' id='word_1_118' title='bbox 1136 1464 1171 1492; x_wconf 85' lang='lat' dir='ltr'>et</span> <span class='ocrx_word' id='word_1_119' title='bbox 1194 1459 1339 1493; x_wconf 88' lang='lat' dir='ltr'>Schahu</span> <span class='ocrx_word' id='word_1_120' title='bbox 1359 1461 1523 1495; x_wconf 89' lang='lat'><strong>9-10000&#39;</strong></span> <span class='ocrx_word' id='word_1_121' title='bbox 1541 1467 1576 1496; x_wconf 90' lang='lat' dir='ltr'>et</span> <span class='ocrx_word' id='word_1_122' title='bbox 1602 1462 1649 1496; x_wconf 89' lang='lat' dir='ltr'>ad</span> <span class='ocrx_word' id='word_1_123' title='bbox 1679 1463 1778 1498; x_wconf 88' lang='lat' dir='ltr'>nives</span> <span class='ocrx_word' id='word_1_124' title='bbox 1803 1474 1914 1508; x_wconf 87' lang='lat' dir='ltr'>supra</span> 
     </span>
     <span class='ocr_line' id='line_1_17' title="bbox 361 1503 1914 1556; baseline 0.007 -21"><span class='ocrx_word' id='word_1_125' title='bbox 361 1503 500 1537; x_wconf 88' lang='lat' dir='ltr'>Juanro</span> <span class='ocrx_word' id='word_1_126' title='bbox 530 1504 653 1536; x_wconf 83' lang='lat'><strong>12000&#39;</strong></span> <span class='ocrx_word' id='word_1_127' title='bbox 683 1503 886 1547; x_wconf 83' lang='lat' dir='ltr'>(Haussk.!)</span> <span class='ocrx_word' id='word_1_128' title='bbox 915 1503 1031 1538; x_wconf 86' lang='lat' dir='ltr'>forma</span> <span class='ocrx_word' id='word_1_129' title='bbox 1053 1504 1149 1539; x_wconf 89' lang='lat' dir='ltr'>foliis</span> <span class='ocrx_word' id='word_1_130' title='bbox 1177 1504 1402 1541; x_wconf 86' lang='lat' dir='ltr'>brevioribus</span> <span class='ocrx_word' id='word_1_131' title='bbox 1429 1508 1503 1551; x_wconf 88' lang='grc'>(5-6</span> <span class='ocrx_word' id='word_1_132' title='bbox 1532 1509 1593 1543; x_wconf 89' lang='lat' dir='ltr'>lin.</span> <span class='ocrx_word' id='word_1_133' title='bbox 1621 1509 1763 1554; x_wconf 89' lang='lat' dir='ltr'>longis),</span> <span class='ocrx_word' id='word_1_134' title='bbox 1791 1511 1914 1556; x_wconf 85' lang='lat' dir='ltr'>calyce</span> 
     </span>
     <span class='ocr_line' id='line_1_18' title="bbox 360 1549 1187 1595; baseline 0.005 -12"><span class='ocrx_word' id='word_1_135' title='bbox 360 1550 473 1593; x_wconf 84' lang='lat' dir='ltr'>magis</span> <span class='ocrx_word' id='word_1_136' title='bbox 492 1549 626 1584; x_wconf 86' lang='lat' dir='ltr'>viscido</span> <span class='ocrx_word' id='word_1_137' title='bbox 645 1554 681 1584; x_wconf 85' lang='lat' dir='ltr'>et</span> <span class='ocrx_word' id='word_1_138' title='bbox 699 1551 831 1594; x_wconf 89' lang='lat' dir='ltr'>petalis</span> <span class='ocrx_word' id='word_1_139' title='bbox 848 1552 1010 1595; x_wconf 87' lang='lat' dir='ltr'>margine</span> <span class='ocrx_word' id='word_1_140' title='bbox 1026 1551 1187 1587; x_wconf 90' lang='lat' dir='ltr'>rubellis.</span> 
     </span>
    </p>
   </div>
   <div class='ocr_carea' id='block_1_12' title="bbox 242 1710 1120 1762">
    <p class='ocr_par' dir='ltr' id='par_1_12' title="bbox 242 1710 1120 1762">
     <span class='ocr_line' id='line_1_19' title="bbox 242 1710 1120 1762; baseline 0.002 -11"><span class='ocrx_word' id='word_1_141' title='bbox 242 1712 333 1759; x_wconf 89' lang='grc'>699,</span> <span class='ocrx_word' id='word_1_142' title='bbox 365 1713 461 1762; x_wconf 91' lang='lat' dir='ltr'>post</span> <span class='ocrx_word' id='word_1_143' title='bbox 480 1711 539 1750; x_wconf 91' lang='lat' dir='ltr'>A.</span> <span class='ocrx_word' id='word_1_144' title='bbox 563 1710 934 1751; x_wconf 82' lang='lat' dir='ltr'>Libanoticam</span> <span class='ocrx_word' id='word_1_145' title='bbox 954 1711 1090 1753; x_wconf 90' lang='lat' dir='ltr'>insere</span> <span class='ocrx_word' id='word_1_146' title='bbox 1112 1725 1120 1752; x_wconf 90' lang='lat'>:</span> 
     </span>
    </p>
   </div>
   <div class='ocr_carea' id='block_1_13' title="bbox 342 1798 1915 2167">
    <p class='ocr_par' dir='ltr' id='par_1_13' title="bbox 342 1798 1915 2167">
     <span class='ocr_line' id='line_1_20' title="bbox 398 1798 1914 1855; baseline 0.008 -19"><span class='ocrx_word' id='word_1_147' title='bbox 398 1798 458 1838; x_wconf 86' lang='lat' dir='ltr'>A.</span> <span class='ocrx_word' id='word_1_148' title='bbox 499 1799 838 1839; x_wconf 83' lang='lat' dir='ltr'>Brotherana</span> <span class='ocrx_word' id='word_1_149' title='bbox 872 1799 1064 1849; x_wconf 83' lang='lat' dir='ltr'>(Trautv.</span> <span class='ocrx_word' id='word_1_150' title='bbox 1101 1800 1223 1852; x_wconf 90' lang='lat' dir='ltr'>Mss.)</span> <span class='ocrx_word' id='word_1_151' title='bbox 1254 1801 1497 1844; x_wconf 88' lang='lat' dir='ltr'>densissime</span> <span class='ocrx_word' id='word_1_152' title='bbox 1530 1804 1771 1855; x_wconf 87' lang='lat' dir='ltr'>pulvinaris,</span> <span class='ocrx_word' id='word_1_153' title='bbox 1807 1805 1914 1849; x_wconf 59' lang='lat' dir='ltr'>foliis</span> 
     </span>
     <span class='ocr_line' id='line_1_21' title="bbox 343 1850 1915 1909; baseline 0.007 -19"><span class='ocrx_word' id='word_1_154' title='bbox 343 1850 523 1891; x_wconf 90' lang='lat' dir='ltr'>minimis</span> <span class='ocrx_word' id='word_1_155' title='bbox 544 1854 659 1892; x_wconf 89' lang='lat' dir='ltr'>arcte</span> <span class='ocrx_word' id='word_1_156' title='bbox 679 1851 909 1893; x_wconf 82' lang='lat' dir='ltr'>imbricatis</span> <span class='ocrx_word' id='word_1_157' title='bbox 930 1852 1118 1904; x_wconf 85' lang='lat' dir='ltr'>oblongis</span> <span class='ocrx_word' id='word_1_158' title='bbox 1139 1853 1414 1896; x_wconf 87' lang='lat' dir='ltr'>obtusissimis</span> <span class='ocrx_word' id='word_1_159' title='bbox 1431 1857 1659 1898; x_wconf 76' lang='lat' dir='ltr'>cal-nosulis</span> <span class='ocrx_word' id='word_1_160' title='bbox 1675 1860 1803 1909; x_wconf 73' lang='lat' dir='ltr'>supra</span> <span class='ocrx_word' id='word_1_161' title='bbox 1820 1871 1915 1903; x_wconf 78' lang='lat' dir='ltr'>con-</span> 
     </span>
     <span class='ocr_line' id='line_1_22' title="bbox 344 1902 1913 1957; baseline 0.006 -14"><span class='ocrx_word' id='word_1_162' title='bbox 344 1903 454 1944; x_wconf 87' lang='lat' dir='ltr'>cavis</span> <span class='ocrx_word' id='word_1_163' title='bbox 471 1902 558 1944; x_wconf 89' lang='lat' dir='ltr'>fere</span> <span class='ocrx_word' id='word_1_164' title='bbox 577 1905 753 1945; x_wconf 88' lang='lat' dir='ltr'>enerviis</span> <span class='ocrx_word' id='word_1_165' title='bbox 773 1905 963 1956; x_wconf 79' lang='lat' dir='ltr'>margine</span> <span class='ocrx_word' id='word_1_166' title='bbox 981 1906 1226 1957; x_wconf 85' lang='lat' dir='ltr'>pectinatim</span> <span class='ocrx_word' id='word_1_167' title='bbox 1247 1907 1412 1955; x_wconf 88' lang='lat' dir='ltr'>ciliatis,</span> <span class='ocrx_word' id='word_1_168' title='bbox 1432 1907 1601 1950; x_wconf 86' lang='lat' dir='ltr'>floribus</span> <span class='ocrx_word' id='word_1_169' title='bbox 1623 1912 1913 1954; x_wconf 84' lang='lat' dir='ltr'>terminalibus</span> 
     </span>
     <span class='ocr_line' id='line_1_23' title="bbox 345 1956 1914 2012; baseline 0.006 -16"><span class='ocrx_word' id='word_1_170' title='bbox 345 1956 558 1997; x_wconf 90' lang='lat' dir='ltr'>sessilibus</span> <span class='ocrx_word' id='word_1_171' title='bbox 595 1956 790 1998; x_wconf 86' lang='lat' dir='ltr'>solitariis</span> <span class='ocrx_word' id='word_1_172' title='bbox 833 1958 990 2009; x_wconf 83' lang='lat' dir='ltr'>caespiti</span> <span class='ocrx_word' id='word_1_173' title='bbox 1028 1959 1254 2008; x_wconf 89' lang='lat' dir='ltr'>immersis,</span> <span class='ocrx_word' id='word_1_174' title='bbox 1294 1961 1446 2012; x_wconf 82' lang='lat' dir='ltr'>sepalis</span> <span class='ocrx_word' id='word_1_175' title='bbox 1484 1961 1590 2003; x_wconf 85' lang='lat' dir='ltr'>foliis</span> <span class='ocrx_word' id='word_1_176' title='bbox 1631 1964 1914 2006; x_wconf 89' lang='lat' dir='ltr'>subsimilibus</span> 
     </span>
     <span class='ocr_line' id='line_1_24' title="bbox 345 2008 1911 2067; baseline 0.007 -19"><span class='ocrx_word' id='word_1_177' title='bbox 345 2008 533 2060; x_wconf 81' lang='lat' dir='ltr'>oblongis</span> <span class='ocrx_word' id='word_1_178' title='bbox 547 2009 707 2050; x_wconf 90' lang='lat' dir='ltr'>obtusis</span> <span class='ocrx_word' id='word_1_179' title='bbox 721 2010 906 2051; x_wconf 87' lang='lat' dir='ltr'>obsolete</span> <span class='ocrx_word' id='word_1_180' title='bbox 927 2011 1135 2052; x_wconf 86' lang='lat' dir='ltr'>trinerviis</span> <span class='ocrx_word' id='word_1_181' title='bbox 1150 2012 1339 2064; x_wconf 85' lang='lat' dir='ltr'>margine</span> <span class='ocrx_word' id='word_1_182' title='bbox 1359 2019 1480 2065; x_wconf 86' lang='lat' dir='ltr'>parte</span> <span class='ocrx_word' id='word_1_183' title='bbox 1494 2014 1688 2056; x_wconf 85' lang='lat' dir='ltr'>inferiore</span> <span class='ocrx_word' id='word_1_184' title='bbox 1703 2017 1911 2067; x_wconf 88' lang='lat' dir='ltr'>ciliatulis,</span> 
     </span>
     <span class='ocr_line' id='line_1_25' title="bbox 342 2061 1915 2122; baseline 0.007 -21"><span class='ocrx_word' id='word_1_185' title='bbox 342 2061 492 2113; x_wconf 90' lang='lat' dir='ltr'>petalis</span> <span class='ocrx_word' id='word_1_186' title='bbox 513 2061 617 2103; x_wconf 88' lang='lat' dir='ltr'>albis</span> <span class='ocrx_word' id='word_1_187' title='bbox 644 2062 841 2115; x_wconf 89' lang='lat' dir='ltr'>oblongo-</span> <span class='ocrx_word' id='word_1_188' title='bbox 865 2063 1118 2115; x_wconf 89' lang='lat' dir='ltr'>spathulatis</span> <span class='ocrx_word' id='word_1_189' title='bbox 1148 2065 1190 2105; x_wconf 90' lang='lat' dir='ltr'>in</span> <span class='ocrx_word' id='word_1_190' title='bbox 1215 2077 1397 2117; x_wconf 86' lang='lat' dir='ltr'>unguem</span> <span class='ocrx_word' id='word_1_191' title='bbox 1415 2069 1646 2109; x_wconf 88' lang='lat' dir='ltr'>attenuatis</span> <span class='ocrx_word' id='word_1_192' title='bbox 1665 2069 1805 2122; x_wconf 87' lang='lat' dir='ltr'>calyce</span> <span class='ocrx_word' id='word_1_193' title='bbox 1831 2082 1915 2112; x_wconf 91' lang='lat' dir='ltr'>ses-</span> 
     </span>
     <span class='ocr_line' id='line_1_26' title="bbox 345 2114 1050 2167; baseline 0.004 -13"><span class='ocrx_word' id='word_1_194' title='bbox 345 2114 688 2167; x_wconf 89' lang='lat' dir='ltr'>quilongioribus,</span> <span class='ocrx_word' id='word_1_195' title='bbox 711 2115 880 2167; x_wconf 77' lang='lat' dir='ltr'>capsula</span> <span class='ocrx_word' id='word_1_196' title='bbox 885 2148 965 2157; x_wconf 90' lang='grc'><strong>.....</strong></span> <span class='ocrx_word' id='word_1_197' title='bbox 992 2120 1050 2163; x_wconf 67' lang='lat' dir='ltr'>Qi.</span> 
     </span>
    </p>
   </div>
   <div class='ocr_carea' id='block_1_14' title="bbox 360 2184 1914 2275">
    <p class='ocr_par' dir='ltr' id='par_1_14' title="bbox 360 2184 1914 2275">
     <span class='ocr_line' id='line_1_27' title="bbox 402 2184 1914 2231; baseline 0.007 -13"><span class='ocrx_word' id='word_1_198' title='bbox 402 2184 496 2218; x_wconf 89' lang='lat' dir='ltr'>Hab.</span> <span class='ocrx_word' id='word_1_199' title='bbox 517 2184 564 2218; x_wconf 87' lang='lat' dir='ltr'>ad</span> <span class='ocrx_word' id='word_1_200' title='bbox 581 2196 690 2231; x_wconf 72' lang='lat' dir='ltr'>rupes</span> <span class='ocrx_word' id='word_1_201' title='bbox 706 2185 881 2229; x_wconf 86' lang='lat' dir='ltr'>glaciales</span> <span class='ocrx_word' id='word_1_202' title='bbox 905 2187 1056 2221; x_wconf 88' lang='lat' dir='ltr'>Caucasi</span> <span class='ocrx_word' id='word_1_203' title='bbox 1076 2187 1112 2221; x_wconf 91' lang='lat' dir='ltr'>in</span> <span class='ocrx_word' id='word_1_204' title='bbox 1134 2192 1255 2222; x_wconf 89' lang='lat' dir='ltr'>monte</span> <span class='ocrx_word' id='word_1_205' title='bbox 1275 2189 1470 2224; x_wconf 87' lang='lat' dir='ltr'>Mamisson</span> <span class='ocrx_word' id='word_1_206' title='bbox 1491 2190 1537 2224; x_wconf 91' lang='lat' dir='ltr'>ad</span> <span class='ocrx_word' id='word_1_207' title='bbox 1559 2190 1676 2226; x_wconf 88' lang='lat' dir='ltr'>fontes</span> <span class='ocrx_word' id='word_1_208' title='bbox 1700 2191 1798 2227; x_wconf 90' lang='lat' dir='ltr'>fluvii</span> <span class='ocrx_word' id='word_1_209' title='bbox 1820 2193 1914 2229; x_wconf 86' lang='lat' dir='ltr'>Rion</span> 
     </span>
     <span class='ocr_line' id='line_1_28' title="bbox 360 2231 762 2275; baseline 0.002 -10"><span class='ocrx_word' id='word_1_210' title='bbox 360 2234 482 2266; x_wconf 92' lang='lat'><strong>10000&#39;</strong></span> <span class='ocrx_word' id='word_1_211' title='bbox 504 2231 762 2275; x_wconf 89' lang='lat' dir='ltr'>(Brotherus!).</span> 
     </span>
    </p>
   </div>
   <div class='ocr_carea' id='block_1_15' title="bbox 356 2295 1914 2395">
    <p class='ocr_par' dir='ltr' id='par_1_15' title="bbox 356 2295 1914 2395">
     <span class='ocr_line' id='line_1_29' title="bbox 403 2295 1913 2347; baseline 0.007 -18"><span class='ocrx_word' id='word_1_212' title='bbox 403 2295 576 2330; x_wconf 88' lang='lat' dir='ltr'>Plantula</span> <span class='ocrx_word' id='word_1_213' title='bbox 606 2295 831 2341; x_wconf 77' lang='lat' dir='ltr'>Gypsophiloe</span> <span class='ocrx_word' id='word_1_214' title='bbox 856 2297 1023 2331; x_wconf 79' lang='lat' dir='ltr'>aretioidi</span> <span class='ocrx_word' id='word_1_215' title='bbox 1054 2298 1110 2332; x_wconf 89' lang='lat' dir='ltr'>vel</span> <span class='ocrx_word' id='word_1_216' title='bbox 1140 2299 1264 2333; x_wconf 73' lang='lat' dir='ltr'>Alsine</span> <span class='ocrx_word' id='word_1_217' title='bbox 1289 2300 1457 2334; x_wconf 76' lang='lat' dir='ltr'>aretioidi</span> <span class='ocrx_word' id='word_1_218' title='bbox 1486 2300 1579 2336; x_wconf 89' lang='lat' dir='ltr'>facie</span> <span class='ocrx_word' id='word_1_219' title='bbox 1602 2302 1738 2347; x_wconf 87' lang='lat' dir='ltr'>similis,</span> <span class='ocrx_word' id='word_1_220' title='bbox 1771 2304 1913 2347; x_wconf 89' lang='lat' dir='ltr'>pulvilli</span> 
     </span>
     <span class='ocr_line' id='line_1_30' title="bbox 356 2342 1914 2395; baseline 0.006 -19"><span class='ocrx_word' id='word_1_221' title='bbox 356 2343 466 2376; x_wconf 89' lang='lat' dir='ltr'>ramis</span> <span class='ocrx_word' id='word_1_222' title='bbox 491 2342 773 2386; x_wconf 88' lang='lat' dir='ltr'>adpressissimis</span> <span class='ocrx_word' id='word_1_223' title='bbox 796 2343 1010 2378; x_wconf 87' lang='lat' dir='ltr'>imbricatim</span> <span class='ocrx_word' id='word_1_224' title='bbox 1032 2350 1067 2378; x_wconf 86' lang='lat' dir='ltr'>et</span> <span class='ocrx_word' id='word_1_225' title='bbox 1097 2345 1354 2381; x_wconf 86' lang='lat' dir='ltr'>columnariter</span> <span class='ocrx_word' id='word_1_226' title='bbox 1380 2347 1517 2382; x_wconf 83' lang='lat' dir='ltr'>foliosis</span> <span class='ocrx_word' id='word_1_227' title='bbox 1544 2350 1627 2382; x_wconf 90' lang='grc'>7-10</span> <span class='ocrx_word' id='word_1_228' title='bbox 1654 2350 1768 2385; x_wconf 87' lang='lat' dir='ltr'>lineas</span> <span class='ocrx_word' id='word_1_229' title='bbox 1798 2351 1914 2395; x_wconf 83' lang='lat' dir='ltr'>longis</span> 
     </span>
    </p>
   </div>
   <div class='ocr_carea' id='block_1_16' title="bbox 357 2390 1913 2480">
    <p class='ocr_par' dir='ltr' id='par_1_16' title="bbox 357 2390 1913 2480">
     <span class='ocr_line' id='line_1_31' title="bbox 357 2390 1913 2470; baseline 0.006 -47"><span class='ocrx_word' id='word_1_230' title='bbox 357 2394 576 2470; x_wconf 88' lang='lat' dir='ltr'>lconstantes,</span> <span class='ocrx_word' id='word_1_231' title='bbox 597 2390 685 2424; x_wconf 85' lang='lat' dir='ltr'>folia</span> <span class='ocrx_word' id='word_1_232' title='bbox 708 2391 768 2425; x_wconf 80' lang='lat' dir='ltr'>vix</span> <span class='ocrx_word' id='word_1_233' title='bbox 795 2393 816 2424; x_wconf 88' lang='lat'>2</span> <span class='ocrx_word' id='word_1_234' title='bbox 839 2391 954 2425; x_wconf 87' lang='lat' dir='ltr'>lineas</span> <span class='ocrx_word' id='word_1_235' title='bbox 983 2391 1090 2436; x_wconf 86' lang='lat' dir='ltr'>longa</span> <span class='ocrx_word' id='word_1_236' title='bbox 1117 2392 1220 2427; x_wconf 84' lang='lat' dir='ltr'>lineae</span> <span class='ocrx_word' id='word_1_237' title='bbox 1250 2393 1290 2434; x_wconf 72' lang='lat' dir='ltr'>³l4</span> <span class='ocrx_word' id='word_1_238' title='bbox 1324 2394 1413 2437; x_wconf 86' lang='lat' dir='ltr'>lata,</span> <span class='ocrx_word' id='word_1_239' title='bbox 1442 2395 1548 2440; x_wconf 83' lang='lat' dir='ltr'>calyx</span> <span class='ocrx_word' id='word_1_240' title='bbox 1571 2397 1825 2440; x_wconf 88' lang='lat' dir='ltr'>sesquilineam</span> <span class='ocrx_word' id='word_1_241' title='bbox 1854 2399 1913 2434; x_wconf 81' lang='lat' dir='ltr'>vix</span> 
     </span>
     <span class='ocr_line' id='line_1_32' title="bbox 372 2447 496 2480; baseline 0 -10"><span class='ocrx_word' id='word_1_242' title='bbox 372 2447 496 2480; x_wconf 87' lang='lat' dir='ltr'>ongus.</span> 
     </span>
    </p>
   </div>
   <div class='ocr_carea' id='block_1_17' title="bbox 239 2597 969 2648">
    <p class='ocr_par' dir='ltr' id='par_1_17' title="bbox 239 2597 969 2648">
     <span class='ocr_line' id='line_1_33' title="bbox 239 2597 969 2648; baseline 0.003 -10"><span class='ocrx_word' id='word_1_243' title='bbox 239 2599 330 2645; x_wconf 85' lang='lat'><strong>700,</strong></span> <span class='ocrx_word' id='word_1_244' title='bbox 362 2598 420 2637; x_wconf 89' lang='lat' dir='ltr'>A.</span> <span class='ocrx_word' id='word_1_245' title='bbox 443 2597 807 2648; x_wconf 80' lang='lat' dir='ltr'>rotundifolia,</span> <span class='ocrx_word' id='word_1_246' title='bbox 830 2598 939 2640; x_wconf 90' lang='lat' dir='ltr'>adde</span> <span class='ocrx_word' id='word_1_247' title='bbox 961 2612 969 2639; x_wconf 90' lang='lat'><strong>:</strong></span> 
     </span>
    </p>
   </div>
   <div class='ocr_carea' id='block_1_18' title="bbox 355 2684 1909 2777">
    <p class='ocr_par' dir='ltr' id='par_1_18' title="bbox 355 2684 1909 2777">
     <span class='ocr_line' id='line_1_34' title="bbox 402 2684 1909 2737; baseline 0.007 -19"><span class='ocrx_word' id='word_1_248' title='bbox 402 2684 494 2718; x_wconf 89' lang='lat' dir='ltr'>Hab.</span> <span class='ocrx_word' id='word_1_249' title='bbox 532 2685 568 2719; x_wconf 92' lang='lat' dir='ltr'>in</span> <span class='ocrx_word' id='word_1_250' title='bbox 605 2685 731 2720; x_wconf 89' lang='lat' dir='ltr'>Haemo</span> <span class='ocrx_word' id='word_1_251' title='bbox 765 2685 988 2721; x_wconf 77' lang='lat' dir='ltr'>Macedoniae</span> <span class='ocrx_word' id='word_1_252' title='bbox 1024 2686 1071 2721; x_wconf 90' lang='lat' dir='ltr'>ad</span> <span class='ocrx_word' id='word_1_253' title='bbox 1097 2686 1250 2721; x_wconf 87' lang='lat' dir='ltr'>Kalofer</span> <span class='ocrx_word' id='word_1_254' title='bbox 1279 2688 1452 2733; x_wconf 83' lang='lat' dir='ltr'>(Pichl.!)‚</span> <span class='ocrx_word' id='word_1_255' title='bbox 1485 2690 1599 2725; x_wconf 84' lang='lat' dir='ltr'>Ponto</span> <span class='ocrx_word' id='word_1_256' title='bbox 1634 2691 1766 2727; x_wconf 81' lang='lat' dir='ltr'>Lazico</span> <span class='ocrx_word' id='word_1_257' title='bbox 1798 2703 1909 2737; x_wconf 81' lang='lat' dir='ltr'>supra</span> 
     </span>
     <span class='ocr_line' id='line_1_35' title="bbox 355 2731 738 2777; baseline 0.005 -12"><span class='ocrx_word' id='word_1_258' title='bbox 355 2731 579 2765; x_wconf 83' lang='lat' dir='ltr'>Khabackar</span> <span class='ocrx_word' id='word_1_259' title='bbox 599 2732 693 2774; x_wconf 87' lang='lat' dir='ltr'>(Bal.</span> <span class='ocrx_word' id='word_1_260' title='bbox 705 2734 738 2777; x_wconf 81' lang='lat'>!).</span> 
     </span>
    </p>
   </div>
   <div class='ocr_carea' id='block_1_19' title="bbox 238 2892 868 2942">
    <p class='ocr_par' dir='ltr' id='par_1_19' title="bbox 238 2892 868 2942">
     <span class='ocr_line' id='line_1_36' title="bbox 238 2892 868 2942; baseline 0.005 -10"><span class='ocrx_word' id='word_1_261' title='bbox 238 2894 329 2940; x_wconf 87' lang='lat'><strong>700,</strong></span> <span class='ocrx_word' id='word_1_262' title='bbox 362 2892 422 2932; x_wconf 91' lang='lat' dir='ltr'>A.</span> <span class='ocrx_word' id='word_1_263' title='bbox 443 2892 707 2942; x_wconf 83' lang='lat' dir='ltr'>Balansae,</span> <span class='ocrx_word' id='word_1_264' title='bbox 729 2893 837 2935; x_wconf 88' lang='lat' dir='ltr'>adde</span> <span class='ocrx_word' id='word_1_265' title='bbox 860 2907 868 2935; x_wconf 92' lang='lat'><strong>:</strong></span> 
     </span>
    </p>
   </div>
   <div class='ocr_carea' id='block_1_20' title="bbox 401 2977 1679 3030">
    <p class='ocr_par' dir='ltr' id='par_1_20' title="bbox 401 2977 1679 3030">
     <span class='ocr_line' id='line_1_37' title="bbox 401 2977 1679 3030; baseline 0.006 -18"><span class='ocrx_word' id='word_1_266' title='bbox 401 2977 494 3012; x_wconf 86' lang='lat' dir='ltr'>Hab.</span> <span class='ocrx_word' id='word_1_267' title='bbox 515 2978 562 3013; x_wconf 92' lang='lat' dir='ltr'>ad</span> <span class='ocrx_word' id='word_1_268' title='bbox 581 2979 681 3014; x_wconf 90' lang='lat' dir='ltr'>nives</span> <span class='ocrx_word' id='word_1_269' title='bbox 698 2981 872 3015; x_wconf 86' lang='lat' dir='ltr'>montium</span> <span class='ocrx_word' id='word_1_270' title='bbox 890 2981 1011 3017; x_wconf 74' lang='lat' dir='ltr'>Kellal</span> <span class='ocrx_word' id='word_1_271' title='bbox 1030 2988 1065 3017; x_wconf 88' lang='lat' dir='ltr'>et</span> <span class='ocrx_word' id='word_1_272' title='bbox 1085 2983 1291 3018; x_wconf 87' lang='lat' dir='ltr'>Ssebsekuh</span> <span class='ocrx_word' id='word_1_273' title='bbox 1311 2984 1442 3020; x_wconf 80' lang='lat' dir='ltr'>Persiae</span> <span class='ocrx_word' id='word_1_274' title='bbox 1465 2984 1679 3030; x_wconf 77' lang='lat' dir='ltr'>(Haussk.!).</span> 
     </span>
    </p>
   </div>
  </div>
 </body>
</html>
