2115 3250
209 209 441 245 AEthionema.
936 220 1155 245 CRUCIFERAE.
1833 213 1873 246 61

207 290 275 324 Pag.

312 341 478 390 ticaule,
519 341 706 382 caulibus
744 340 999 393 simplicibus
1038 340 1207 390 foliosis,
1247 340 1353 382 foliis
1392 342 1631 392 majusculis
1666 343 1878 384 sessilibus

312 394 701 446 oblongo-ellipticis
722 394 1004 441 acutiusculis‚
1026 394 1202 435 racemis
1223 395 1417 446 capitatis
1445 395 1537 435 (lein
1566 395 1785 447 elongatis,
1808 395 1881 436 flo-

311 446 426 487 ribus
455 446 746 495 mediocribus,
777 445 1001 487 filamentis
1035 446 1221 487 dilatatis
1248 446 1438 487 omnibus
1473 447 1693 495 edentulis,
1729 448 1880 499 petalis

312 499 441 539 roseis
462 498 849 550 oblongo-cuneatis
879 498 1019 551 calyce
1055 499 1179 551 duplo
1212 499 1482 551 longioribus,
1516 500 1685 540 siliculis
1716 502 1880 548 magnis

309 551 550 592 orbiculatis
578 551 669 592 basi
689 551 936 599 subi-etusiS,
965 551 1040 592 alis
1069 552 1264 592 radiatim
1292 553 1476 592 nervosis
1504 552 1635 592 loculo
1663 553 1882 593 latioribus

313 603 366 644 ad
385 603 569 645 medium
590 615 720 656 usque
749 603 1142 653 fimbriato-laceris,
1166 605 1274 657 stylo
1302 605 1424 656 longo
1453 605 1586 645 sinum
1617 605 1881 646 terminalem

312 660 537 708 angustum
557 662 784 708 superante
811 660 869 703 91.

369 725 464 760 Hah.
484 727 519 760 in
539 726 766 770 rupestribus
791 727 966 761 calcareis
995 727 1169 761 montium
1194 729 1376 761 Avroman
1403 732 1438 761 et
1464 727 1607 762 Schahn
1635 727 1882 761 Kurdistaniae

324 774 477 808 Persicae
499 773 716 817 (Haussk.!).

370 838 498 872 Caules
516 848 595 872 cum
615 848 758 872 racemo
779 837 968 872 fructifero
990 837 1131 872 demum
1152 838 1313 882 pedales,
1341 838 1428 872 folia
1455 838 1628 872 inferiora
1654 838 1731 872 basi
1758 844 1880 872 rotun-

324 884 410 919 data
430 885 486 919 vel
507 885 727 919 subcordata
747 886 808 919 8-9
826 886 939 919 lineas
957 885 1077 928 longa.
1099 886 1247 920 Silicula
1268 888 1289 919 4
1310 886 1423 920 lineas
1438 886 1546 929 longa
1567 886 1726 928 lataque.
1749 884 1881 919 Differt

324 932 368 966 ab
408 931 508 966 affini
539 932 606 966 AE.
638 932 818 974 fimbriato
850 932 998 966 siliculis
1031 932 1222 967 latioribus
1253 932 1462 967 orbiculatis
1495 932 1571 967 basi
1604 943 1673 966 non
1705 932 1880 966 curvatim

323 979 532 1013 attenuatis.

207 1124 296 1169 350,
327 1122 406 1162 AE.
431 1121 731 1171 cordatum,
751 1121 860 1162 adde
879 1134 887 1162 :

208 1543 298 1587 351,

365 1211 402 1262 β.
440 1207 644 1249 Pichleri.
677 1231 730 1237 —
763 1208 885 1249 Rami
924 1208 1179 1257 abbreviati,
1214 1208 1312 1250 folia
1349 1209 1472 1261 paulo
1509 1210 1685 1267 minora,
1720 1209 1883 1267 silicula

310 1261 652 1355 iggriisssnilseffigrlileli
684 1261 931 1355 (eigisterdum)
965 1261 1288 1313 pleurorrhizea.
1323 1286 1375 1290 —
1408 1262 1665 1304 Crenularza
1694 1261 1883 1304 chlzlerc

370 1384 462 1419 Hah.
483 1385 519 1419 in
539 1385 684 1420 summis
703 1385 847 1431 Olympi
866 1386 1013 1431 Bithyni
1031 1386 1077 1420 ad
1091 1386 1186 1420 latus
1203 1386 1439 1421 meridionale
1461 1386 1663 1431 (Pichlerl).

329 1541 406 1580 AE.
431 1542 762 1582 ovaliiolium
785 1542 877 1583 dele
890 1546 932 1583 et
953 1543 1041 1595 eJus
1064 1543 1149 1583 loco
1170 1543 1378 1584 substitue
1401 1556 1409 1583 :

363 1628 441 1666 AE.
475 1628 749 1668 Creticum
778 1627 929 1680 (Boiss.
963 1631 1006 1668 et
1031 1628 1198 1674 Heldr.)
1225 1627 1481 1677 multicaule‚
1514 1628 1701 1669 caulibus
1729 1640 1752 1669 e
1778 1628 1885 1669 collo

310 1679 505 1720 indurato
525 1680 690 1731 pumilis
708 1679 863 1721 foliosis
883 1680 1138 1732 simplicibus
1156 1681 1220 1722 vel
1239 1692 1365 1733 parce
1385 1682 1573 1730 ramosis,
1597 1680 1703 1722 foliis
1724 1681 1882 1733 glaucis

311 1732 603 1774 subsessilibus
642 1732 794 1774 infimis
832 1733 1239 1785 ovato-spathulatis
1277 1733 1555 1774 obtusissimis
1598 1734 1885 1786 supem'oribus

311 1785 717 1838 oblongo-ellipticis‚
748 1797 913 1827 racemo
941 1787 1125 1838 capitato
1152 1786 1245 1827 dein
1269 1786 1478 1838 elongato,
1501 1786 1672 1827 fioribus
1692 1787 1878 1833 minutis,

311 1838 460 1930 getalis
479 1838 634 1890 pallide
653 1839 781 1879 roseis
805 1839 1192 1891 oblongo-cuneatis
1222 1839 1362 1891 calyce
1381 1839 1588 1892 subduplo
1607 1839 1882 1891 longioribus,

343 1890 537 1932 lamentis
557 1891 785 1943 maJ'oribus
806 1891 882 1932 sub
904 1892 1022 1944 apice
1042 1892 1168 1933 dente
1195 1892 1344 1933 obtuso
1375 1892 1522 1940 auctis,
1546 1892 1716 1933 siliculis
1742 1898 1884 1933 ovato-

310 1943 552 1985 orbiculatis
572 1944 665 1985 sinu
685 1945 982 1996 angustissimo
1003 1944 1256 1993 obcordatis,
1280 1945 1356 1985 alis
1376 1945 1551 1997 integris
1571 1945 1705 1986 loculo
1725 1945 1886 1985 latiori-

310 1996 403 2045 bus,
426 1997 534 2049 stylo
555 1997 647 2038 sinu
669 1997 839 2038 dimidio
860 1997 1050 2038 breviore
1083 2001 1141 2043 91.
1165 1997 1238 2038 AE.
1269 1996 1536 2050 oralzfolium
1564 1997 1698 2039 Boiss.
1721 1997 1784 2039 Fl.
1808 1997 1881 2040 Or.

311 2049 447 2100 quoad
466 2050 694 2101 specimina
713 2049 880 2091 Cretica
900 2054 940 2091 et
955 2050 1175 2091 Anatolica
1194 2062 1275 2091 non
1295 2063 1364 2091 Dc.

370 2121 464 2155 Hah.
496 2122 532 2155 in
565 2121 792 2165 rupestribus
826 2122 999 2156 montium
1025 2122 1336 2166 Sphacioticorum
1370 2122 1488 2157 Cretae
1521 2132 1632 2166 supra
1663 2121 1886 2167 Askyphous

324 2169 464 2202 3-4000'
491 2168 670 2212 (Heldr.!)
699 2174 734 2203 et
761 2170 797 2203 in
825 2169 1006 2203 montibus
1035 2169 1181 2203 Lakous
1211 2169 1448 2213 (Reverch.!),
1484 2170 1521 2204 in
1550 2169 1724 2203 Anatolia
1748 2169 1882 2214 (Auch.

324 2216 435 2258 343!>,
448 2215 484 2249 in
504 2221 625 2250 monte
644 2215 852 2250 Kalolamni
871 2216 999 2250 insulae
1019 2216 1230 2260 Karpathos
1248 2216 1423 2260 (Pichl.!).

371 2279 631 2323 Speciminibus
650 2280 856 2324 Hispanicis
884 2281 1015 2315 iterum
1043 2281 1186 2315 collatis
1206 2280 1273 2315 AE.
1300 2280 1520 2324 ovalifolium
1543 2290 1598 2314 nc.
1620 2296 1661 2308 =
1682 2280 1749 2315 AE.
1769 2280 1885 2315 Almi-

314 2326 459 2369 jarense
487 2329 579 2361 Amo
606 2333 642 2362 et
663 2328 796 2371 Campo
825 2338 868 2362 ex
894 2328 1072 2371 Hispania
1094 2328 1249 2362 australi
1271 2327 1437 2372 specifice
1462 2338 1483 2362 a
1513 2333 1636 2362 nostro
1664 2327 1785 2362 differt
1812 2327 1885 2362 sili-

325 2373 416 2408 culae
435 2374 585 2418 majoris
605 2374 673 2409 alis
693 2374 884 2409 latioribus
909 2375 1077 2409 radiatim
1099 2375 1261 2410 nervosis
1287 2374 1470 2419 repandis,
1498 2374 1694 2409 filamentis
1722 2374 1883 2418 gibbosis

324 2420 580 2502 necddentatis.
602 2422 804 2465 Specimina
825 2432 869 2456 ex
896 2422 1146 2466 Peloponneso
1166 2421 1277 2457 Herb.
1300 2422 1447 2456 Fauche
1476 2422 1522 2456 ad
1551 2422 1617 2456 AE.
1637 2422 1767 2466 yracile
1792 2421 1886 2456 refe-

323 2478 387 2502 ren
416 2478 448 2502 a.

209 2615 299 2661 352,
331 2613 408 2653 ΖΕ.
431 2613 866 2665 heterocarpum‚
890 2612 998 2654 adde
1020 2625 1028 2653 :

370 2702 464 2736 Hab.
485 2703 520 2737 in
539 2702 738 2737 Palaestina
755 2713 869 2747 prope
889 2702 1176 2747 Hierosolymam
1194 2702 1240 2737 ad
1257 2702 1443 2738 meridiem
1460 2702 1560 2737 urbis
1579 2703 1651 2741 (W.
1670 2701 1860 2746 Barbeyn.

208 2849 298 2896 353,
329 2847 406 2887 ΛΕ.
431 2848 915 2899 campylopterum‚
937 2846 1046 2888 adde
1068 2859 1077 2888 ε

371 2935 465 2970 Hah.
482 2936 519 2970 in
535 2936 799 2980 Mesopotamia
819 2935 866 2971 ad
885 2935 1005 2971 Terek
1025 2940 1061 2971 et
1081 2935 1194 2971 Gebel
1214 2935 1359 2971 Taktak
1380 2935 1549 2979 (Haussk.
1563 2935 1596 2980 !).
