2094 3351
212 247 257 283 86

208 330 279 363 Pag.

211 895 302 940 541,

210 1114 302 1160 542,

211 1382 302 1427 544,

957 255 1056 279 suas
1062 254 1129 278 ΒΕ.
1656 240 1880 287 Gypsophila-

315 381 475 423 obtusis
512 391 637 422 nervo
674 381 921 421 excurrente
956 377 1143 419 obsolete
1179 375 1502 425 mucronulatiS‚
1541 375 1692 428 petalis
1725 373 1885 427 pallide

314 435 443 475 roseis
464 434 604 486 calyce
623 431 974 484 sublongioribus.

374 505 468 539 Hab.
489 505 524 539 in
544 509 665 538 monte
683 503 839 538 Aschich
859 501 963 537 Dade
980 511 1094 546 prope
1110 500 1205 536 Kars
1220 500 1401 535 Armeniae
1423 499 1607 544 (Raddel).

374 569 479 604 Folia
497 568 689 603 carnosula
708 567 849 610 majora
870 569 886 600 1
910 565 986 607 ¹l2-2
1006 565 1157 609 pollices
1177 565 1286 609 longa
1305 565 1389 599 linae
1413 563 1450 606 ⁸1⁴
1479 564 1568 606 lata,
1588 563 1710 598 caules
1729 561 1881 597 floriferi

328 619 388 651 4-6
414 616 564 660 pollices
589 615 697 658 longi.
720 614 832 658 Calyx
857 614 942 648 circ.
963 615 983 647 2
1004 613 1119 647 lineas
1139 612 1278 656 longus.
1308 613 1341 646 A
1369 611 1414 645 cl.
1441 616 1590 645 auctore
1614 610 1716 654 gregi
1741 609 1886 652 δαῆνα-

328 664 517 698 ticosarum
543 662 792 704 adnumerata,
818 660 881 695 sed
901 661 1022 704 aptius
1048 661 1142 694 inter
1173 659 1383 703 Caespitosas
1397 658 1507 702 juxta
1536 657 1581 693 G.
1608 657 1747 703 Meyeri
1771 655 1882 691 collo·

327 710 444 745 canda
466 720 487 744 a
513 711 584 753 qua
610 708 706 743 foliis
731 708 892 752 margine
921 707 1049 742 eximie
1078 706 1263 750 scabridis,
1290 705 1423 750 calycis
1452 704 1620 740 dentibus
1647 714 1719 738 non
1749 703 1887 738 acumi—

326 758 434 800 natis,
453 762 519 791 etc.
538 755 671 790 differt.

338 892 392 932 G.
413 893 662 938 venusta,
686 888 794 930 adde
816 901 824 929 :

374 979 467 1014 Hab.
485 980 521 1014 in
540 984 663 1014 monte
682 979 742 1013 Pir
764 978 874 1013 Omar
892 977 1043 1012 Gudrun
1061 976 1307 1011 Kurdistaniae
1329 975 1482 1010 Persicae
1503 974 1672 1019 (Haussk.
1685 974 1719 1018 !).

336 1110 386 1151 G.
408 1110 709 1162 polyclada,
731 1108 839 1149 adde
858 1121 867 1149 :

373 1198 467 1233 Hab.
486 1198 521 1232 in
541 1197 694 1232 dumetis
710 1197 883 1231 montium
905 1198 1087 1230 Avroman
1109 1200 1144 1230 et
1158 1194 1302 1231 Schahu
1319 1193 1565 1229 Kurdistaniae
1579 1194 1720 1228 5·7000'
1734 1196 1770 1227 et
1785 1201 1887 1226 mon—

327 1246 414 1280 tium
432 1246 582 1288 Sawers,
599 1244 688 1288 Nur,
705 1244 870 1279 Eschker
890 1244 1023 1278 Persiae
1044 1242 1155 1277 occid.
1176 1243 1316 1277 7-9000‘
1337 1241 1552 1285 (Haussk.!).

336 1379 390 1419 G.
416 1377 748 1425 Libanotica,
772 1375 881 1417 adde
903 1388 911 1417 ε

374 1463 468 1498 Hab.
489 1464 524 1498 in
544 1468 664 1497 monte
686 1463 785 1507 Gisyl
803 1462 902 1506 Tepe
922 1462 1034 1496 Tauri
1054 1462 1190 1497 Cilicici
1207 1463 1310 1496 SOOO‘
1331 1460 1413 1505 (Ky.
1436 1459 1546 1504 188l).

211 1599 302 1644 544,
334 1600 429 1648 post
452 1597 506 1636 G.
532 1594 904 1635 Libanoticam
923 1594 1060 1634 insere
1082 1606 1090 1634 ε

208 2711 301 2757 547,

373 1682 426 1721 G.
463 1680 884 1729 Haussknechti‚
916 1680 1066 1731 glauca
1092 1679 1183 1720 basi
1215 1677 1527 1726 suffrutescens,
1551 1676 1737 1718 caulibus
1762 1675 1889 1718 elatis

316 1732 477 1774 inferne
496 1732 650 1774 foliatis
665 1733 822 1783 glabris
836 1733 1092 1785 simplicibus
1108 1731 1203 1773 dein
1216 1731 1259 1772 in
1273 1731 1510 1783 paniculam
1525 1730 1694 1782 longam
1707 1740 1890 1781 superne

318 1785 552 1827 dichotome
572 1790 615 1827 et
642 1785 770 1826 effuse
790 1786 1114 1826 ramosissimam
1136 1784 1403 1832 abeuntibus,
1426 1782 1532 1824 foliis
1557 1782 1754 1824 coriaceis
1783 1780 1890 1822 infe-

315 1838 494 1879 rioribus
513 1839 733 1879 latiuscule
750 1838 974 1879 linearibus
994 1837 1205 1879 sessilibus
1227 1837 1360 1878 acutis
1386 1835 1580 1877 elevatim
1606 1834 1815 1876 trinerviis
1842 1838 1890 1875 et*

317 1891 523 1932 venulosis
548 1891 738 1943 margine
763 1890 979 1939 scabridis,
1007 1890 1354 1931 dichotomiarum
1379 1888 1623 1930 brevissime
1641 1886 1889 1928 lanceolatis

318 1944 583 1992 acutissimis,
605 1944 732 1984 ramis
759 1943 954 1984 tenuibus
975 1943 1180 1995 elongatis
1197 1942 1274 1984 sub
1298 1942 1410 1983 lente
1430 1941 1638 1993 glandulis
1664 1939 1889 1992 pedicella-

317 1997 371 2038 tis
391 1997 572 2037 minimis
601 1996 760 2044 obsitis,
791 1996 1003 2048 pedicellis
1033 1996 1216 2037 alaribus
1238 1998 1281 2036 et
1301 1994 1592 2036 terminalibus
1618 1992 1890 2046 capillaribus

317 2049 457 2102 calyce
475 2049 631 2102 pluries
652 2049 920 2100 longioribus,
940 2049 1080 2101 calyce
1100 2048 1246 2099 glabro
1266 2047 1444 2099 oblongo
1464 2047 1574 2088 inter
1586 2047 1715 2087 vittas
1731 2045 1885 2086 virides

317 2102 636 2144 membranaceo
669 2101 866 2142 dentibus
898 2102 1032 2142 ovatis
1064 2101 1442 2151 albo-marginatis,
1474 2099 1626 2152 petalis
1657 2097 1887 2139 linearibus

316 2155 464 2197 albidis
485 2155 602 2207 apice
620 2154 805 2195 breviter
824 2154 1131 2206 filamentisque
1144 2153 1403 2205 longiuscule
1423 2152 1612 2201 exsertis,
1634 2151 1776 2192 ovario
1795 2162 1890 2191 sex—

316 2208 500 2257 ovulat0‚
523 2207 695 2260 capsula
700 2238 779 2248 .....
805 2210 864 2254 Q.

373 2279 467 2314 Hab.
489 2280 524 2314 in
545 2278 698 2314 desertis
726 2278 998 2322 Mesopotamiae
1024 2278 1118 2312 inter
1137 2277 1218 2311 Tell
1244 2276 1337 2312 Afar
1365 2282 1400 2311 et
1424 2281 1582 2311 montem
1601 2275 1748 2319 Sindjar
1773 2279 1887 2319 atque

327 2328 420 2362 inter
440 2327 591 2361 Kerkuk
609 2331 644 2361 et
661 2325 824 2360 Derbent
843 2326 854 2360 i
873 2325 1006 2359 Basian
1024 2324 1242 2368 (Haussk.!).

372 2390 548 2425 Panicula
590 2389 769 2424 interdum
808 2387 1129 2432 1-11l2-pedalis,
1167 2387 1256 2422 folia
1292 2386 1437 2421 caulina
1473 2387 1592 2420 15-18
1628 2385 1743 2420 lineas
1775 2384 1885 2429 longa

327 2439 387 2472 2-3
405 2437 491 2481 lata,
512 2437 681 2481 pedicelli
709 2438 766 2471 6-9
795 2436 910 2470 lineas
937 2436 1035 2480 longi
1061 2435 1202 2469 demum
1231 2439 1398 2478 patentes
1423 2432 1573 2467 floribus
1595 2432 1748 2476 cernuis,
1777 2431 1884 2476 calyx

327 2485 580 2528 sesquilineam
613 2484 753 2527 longus.
783 2484 927 2527 Species
959 2482 1005 2517 ad
1040 2482 1083 2517 G.
1116 2482 1366 2516 Libanoticam
1398 2479 1574 2514 accedens
1606 2489 1627 2513 a
1659 2480 1732 2523 qua
1762 2477 1885 2513 differt

328 2531 423 2566 foliis
443 2531 555 2565 multo
578 2530 799 2575 longioribus
820 2530 964 2565 dissitis.
985 2529 1157 2573 panicula
1186 2529 1299 2562 multo
1320 2528 1484 2572 longiore
1504 2532 1540 2562 et
1564 2526 1743 2570 effusiore,
1761 2525 1888 2571 calyce

328 2579 536 2622 angustiore
555 2577 902 2621 obconico-oblongo
920 2587 986 2612 nec
1005 2576 1274 2620 campanulato.

335 2708 390 2749 G.
413 2708 665 2758 capitata,
695 2706 804 2748 adde
826 2719 835 2747 ε

373 2794 466 2829 Hab.
485 2794 521 2828 in
541 2795 701 2829 Caucaso
719 2804 834 2838 prope
855 2793 974 2838 Achty
996 2793 1150 2835 (Becker
1161 2792 1195 2837 l).

374 2858 553 2893 Fasciculi
577 2857 745 2892 foliorum
772 2857 984 2892 radicalium
1010 2857 1153 2892 steriles
1179 2856 1281 2899 nulli,
1310 2855 1399 2889 folia
1428 2854 1572 2889 caulina
1600 2852 1773 2888 inferiora
1801 2851 1887 2887 sub-

327 2906 519 2949 pollicaria
539 2905 765 2940 acutiuscula
790 2915 861 2938 non
879 2904 1059 2947 subulam,
1090 2903 1212 2938 caules
1239 2914 1316 2937 cum
1348 2902 1519 2946 panicula
1550 2901 1650 2935 brevi
1678 2899 1886 2943 subcorym·

326 2953 415 2987 bosa
446 2952 608 2996 pedales,
637 2953 726 2986 rami
757 2951 978 2995 capituliferi
1007 2953 1090 2985 9-18
1119 2951 1232 2985 lineas
1263 2950 1372 2993 longi,
1401 2948 1563 2992 capitula
1594 2949 1672 2991 piso
1701 2946 1883 2981 interdum

327 2999 438 3043 duplo
456 2999 595 3043 majora
617 2999 771 3034 bracteis
791 2998 1117 3042 amplexicaulibus
1138 2998 1253 3032 ovatis
1273 2997 1388 3031 acutis
1408 2996 1580 3030 carinatis
1600 2993 1887 3029 membranaceis
