2115 3250
216 188 316 223 Rosa.
955 198 1135 222 ROSACEAE.
1814 188 1878 223 ΞΗ

214 267 285 302 Pag.

320 320 442 372 longe
460 319 660 372 stipitatis
682 319 809 360 dense
827 318 1014 370 hispidis,
1032 318 1183 370 sepalis
1203 318 1538 370 subsimplicibus
1560 319 1676 371 apice
1695 319 1885 361 foliaceo-

321 372 666 424 appendiculatis‚
684 371 837 413 corolla
855 371 993 411 media
1007 372 1139 419 rosea,
1156 371 1274 422 stylis
1293 371 1490 412 brevibus
1506 372 1885 425 tomentoso-hispi-

322 425 399 473 dis,
430 424 703 476 receptaculis
724 423 960 476 junioribus
994 423 1444 475 elongato-cylindricis
1478 435 1605 475 supra
1637 426 1883 474 attenuatis,

320 476 546 518 fructiferis
561 476 982 528 oblongo-urceolatis
995 475 1289 528 pyriformibus
1304 476 1469 516 omnino
1484 475 1627 516 formae
1644 476 1701 517 R.
1718 477 1887 529 Alpinae

324 541 410 569 var.
433 528 684 582 Pyrenaicoe
703 528 853 580 sepalis
873 528 1194 580 persistentibus
1214 528 1465 579 longissimis
1486 530 1708 569 coronatis.

337 599 470 689 Vidi-hab.
490 600 526 633 in
547 599 713 634 districtu
733 599 870 633 Hariab
896 599 1002 633 vallis
1030 599 1167 633 Kuram
1194 598 1398 642 Affghaniae
1425 599 1471 633 ad
1497 601 1599 633 8500'
1621 600 1770 642 (Aitch.)
1794 601 1887 639 (Non

378 709 584 752 Descriptio
610 714 734 743 nostra
760 719 804 743 ex
832 709 1025 752 specimine
1055 718 1076 742 a
1101 708 1218 742 Hook.
1239 707 1263 742 f.
1286 714 1320 742 et
1344 708 1486 742 Thoms.
1513 709 1549 742 in
1576 709 1769 753 Himalaya
1799 719 1888 744 occ.-

332 756 409 836 Ιᾶοἷ.
434 756 528 790 lecto
554 756 706 799 aliisque
734 755 771 789 in
800 755 907 790 horto
936 755 1102 789 Kewensi
1131 755 1239 789 cultis
1268 765 1289 789 a
1319 755 1359 789 G.
1389 755 1590 790 Nicholson
1619 756 1889 791 communicatis

359 814 377 837 e
395 803 527 837 ineata.

379 867 537 901 Numero
557 868 776 910 texturaque
795 866 1013 909 foliolorum,
1037 866 1171 909 sepalis
1192 865 1367 909 caudatis,
1388 867 1500 910 stylis,
1528 867 1639 900 totius
1660 866 1888 902 inflorescen-

333 915 393 947 tiae
413 913 621 957 urceolique
646 915 778 947 maturi
798 913 919 947 indole
944 913 991 947 R.
1019 914 1166 957 Alpinae
1191 914 1373 957 proxima3
1395 924 1438 947 ex
1465 914 1509 947 cl.
1538 914 1670 956 Crepin
1690 915 1750 958 qui
1777 915 1888 958 speci-

333 962 429 1042 ἶιιίειὲἒ,
442 961 654 1042 gtiggziisnthm
676 960 809 994 foliolis
832 962 871 994 11
900 965 936 994 et
956 960 1083 994 subtus
1102 960 1354 1004 glanduliferis
1375 960 1475 1003 vidit,
1495 960 1615 1003 potius
1641 960 1687 995 R.
1709 962 1889 996 cinnamo-

379 1070 446 1105 Ar.
466 1070 607 1113 Geogr.
627 1071 741 1115 Regio
760 1071 974 1105 Himalaica.

375 1207 437 1245 13.
471 1204 529 1244 R.
560 1203 739 1254 alpina
767 1202 833 1253 (L.
864 1201 934 1254 Sp.
964 1202 1058 1254 703)
1084 1214 1390 1254 purpurascens
1416 1206 1572 1251 erecta,
1601 1203 1728 1244 ramis
1755 1203 1890 1244 brevi-

318 1256 412 1305 bus,
448 1256 601 1297 aculeis
630 1256 694 1296 vel
723 1255 846 1296 nullis
879 1255 943 1296 vel
973 1255 1246 1296 acicularibus
1273 1255 1337 1296 vel
1368 1255 1503 1296 rarius
1529 1255 1735 1297 subulatis
1763 1256 1889 1297 rectis

319 1308 466 1350 validis
486 1308 697 1349 rarissime
717 1309 953 1360 geminatis,
977 1308 1210 1349 tur-ionibus
1227 1308 1479 1349 radicalibus
1494 1308 1740 1361 plerumque
1756 1309 1891 1350 acicu-

320 1362 369 1402 lis
390 1361 546 1403 crebris
569 1361 736 1402 demum
757 1360 942 1402 deciduis
963 1361 1098 1409 tectis,
1121 1361 1419 1413 macrophylla‚
1438 1360 1586 1402 foliolis
1608 1365 1699 1402 7-11
1722 1363 1892 1402 textura

320 1416 465 1455 tenera
502 1413 611 1455 infra
647 1414 817 1466 pallidis
853 1414 1195 1466 ovato-oblongis
1232 1413 1392 1455 obtusis
1429 1413 1636 1466 profunde
1671 1414 1890 1455 biserratis

321 1467 479 1519 glabris
498 1467 634 1507 rarius
653 1466 801 1508 subtus
821 1468 863 1507 iu
890 1467 1026 1507 nervis
1077 1466 1323 1507 ilosiusculis
1345 1470 1418 1507 aut
1436 1478 1562 1519 parce
1582 1466 1886 1519 glanduliferis‚

319 1520 473 1572 petiolo
505 1520 696 1561 aculeato
730 1519 933 1572 puberulo
966 1519 1032 1559 val
1065 1531 1169 1571 eque
1202 1519 1462 1571 glanduloso‚
1497 1520 1662 1572 stipulis
1702 1519 1890 1561 dilatatis

320 1572 441 1614 valde
468 1572 738 1625 glandulosis‚
764 1571 934 1613 floribus
961 1572 1156 1613 solitariis
1182 1573 1316 1613 rarius
1344 1572 1777 1625 corymboso-trifloris
1804 1573 1890 1613 lon-

322 1625 682 1678 gepedunculatis‚
719 1625 897 1666 bracteis
930 1625 1025 1665 latis
1046 1624 1348 1677 glanduliferis‚
1371 1625 1605 1677 pedunculo
1626 1626 1891 1678 receptaculo

320 1691 365 1720 se
397 1679 641 1731 alorumque
668 1678 789 1719 dorso
816 1677 1023 1730 glandulis
1048 1678 1173 1730 longe
1197 1678 1398 1730 stipitatis
1423 1679 1643 1730 purpureis
1664 1678 1790 1720 dense
1810 1678 1892 1719 his—

321 1732 361 1784 pi
395 1732 428 1773 is
454 1732 589 1773 rarius
615 1731 786 1784 glabris,
815 1731 965 1784 sepalis
994 1731 1248 1782 subintegris
1275 1731 1396 1783 longe
1423 1731 1888 1780 acuminato-caudatis,

319 1785 473 1826 corolla
495 1784 624 1826 dilute
644 1786 855 1837 purpurea
880 1786 1047 1836 magna,
1070 1783 1188 1837 stylis
1214 1784 1408 1825 brevibus
1436 1784 1478 1824 in
1505 1785 1733 1836 capitulum
1765 1784 1892 1826 dense

322 1842 603 1879 tomentosum
630 1837 826 1887 redactis,
858 1837 1033 1878 urceolis
1061 1837 1297 1890 Junioribus
1331 1841 1509 1890 anguste
1541 1837 1892 1891 ovato-subcylin-

323 1890 446 1932 dricis
483 1891 527 1932 in
558 1891 707 1932 collum
747 1891 978 1932 attenuatis
1016 1890 1193 1931 maturis
1227 1889 1720 1943 oblongo-pyriformibus
1755 1891 1890 1931 rarius

320 1944 397 1985 sub
431 1944 582 1985 lobosis
602 1944 753 1996 sepalis
773 1943 1094 1996 persistentibus
1115 1948 1158 1984 et
1179 1943 1494 1984 conniventibus
1515 1944 1723 1984 coronatis
1744 1944 1890 1984 minia-

321 1998 374 2038 tis
413 1997 795 2049 arinoso-pulposis.

381 2067 474 2101 Hab.
495 2068 530 2102 in
552 2067 705 2112 Olympo
730 2067 906 2101 Thessalo
930 2066 1069 2108 (Heldr.
1091 2066 1115 2100 f.
1137 2066 1281 2110 hispida
1302 2083 1344 2094 -—-
1368 2066 1414 2101 R.
1442 2066 1648 2111 Pyrenaica
1676 2067 1830 2109 Gronau),
1856 2067 1892 2100 in

334 2114 437 2149 Pindi
463 2115 651 2206 '‘Py-mpl3aei
670 2120 791 2149 monte
811 2115 928 2159 Zygos
950 2114 1119 2157 (Haussk.
1140 2124 1172 2148 a.
1196 2116 1296 2158 1885,
1320 2113 1343 2147 f.
1372 2113 1505 2148 foliolis
1531 2113 1696 2148 obovatis
1724 2114 1892 2149 dentibus

335 2167 591 2205 patentissmns
611 2189 618 2196 .

380 2224 449 2259 Ar.
470 2224 613 2267 Geogr.
641 2225 789 2269 Alpium
815 2230 954 2259 tractus
982 2230 1195 2269 montesque
1217 2225 1376 2269 Europae
1401 2225 1494 2260 med.
1521 2230 1556 2260 et
1585 2231 1698 2260 austr.
1727 2225 1774 2259 ad
1801 2225 1893 2260 Kar-

335 2273 484 2317 pathum
504 2277 539 2307 et
559 2273 748 2307 Graeciam.

377 2413 440 2451 14.
471 2410 563 2450 *R
597 2411 859 2460 oplisthes
891 2409 1042 2461 (Boiss.
1076 2408 1139 2450 Fl.
1175 2408 1246 2451 Or.
1278 2409 1333 2458 ΙΙ,
1367 2410 1474 2454 674).
1510 2433 1562 2438 ——
1594 2408 1747 2450 Differt
1778 2421 1803 2449 a
1833 2408 1892 2450 R.

322 2462 483 2515 Alpina
512 2462 664 2504 aculeis
693 2462 838 2503 validis
865 2462 1044 2503 incurvis
1074 2462 1165 2503 basi
1194 2463 1329 2514 magis
1354 2463 1595 2503 incrassatis
1623 2462 1710 2503 fere
1735 2462 1894 2503 caninis

323 2515 534 2556 interdum
553 2516 774 2567 geminatis
788 2515 1017 2567 {equalibus
1035 2515 1202 2555 aciculis
1219 2515 1522 2564 deficientibus,
1546 2514 1695 2556 foliolis
1716 2518 1782 2556 5-7
1799 2515 1896 2555 obo-

323 2569 430 2609 vatis
451 2572 493 2609 et
513 2568 892 2609 ovato-rotundatis
920 2566 1242 2620 profundissime
1259 2568 1477 2609 biserratis
1506 2568 1592 2609 sive
1620 2567 1896 2619 subsimplici-

323 2627 388 2661 ter
413 2621 584 2662 serratis
614 2622 783 2661 textura
808 2620 974 2661 firmula
1006 2624 1049 2661 et
1077 2621 1194 2672 quasi
1221 2621 1370 2661 canina
1397 2621 1553 2673 glabris
1585 2621 1721 2661 rarius
1746 2620 1895 2661 subtus

322 2673 528 2714 levissime
544 2673 884 2726 pubescentibus.
908 2697 958 2701 -—
978 2672 1293 2714 Inflorescentia
1313 2673 1521 2725 glandulis
1541 2673 1743 2725 stipitatis
1768 2672 1895 2725 hispi-

325 2726 508 2774 (lissima,
543 2727 707 2778 stipulis
746 2726 947 2774 dilatatis,
987 2725 1104 2773 flore,
1144 2726 1294 2778 sepalis
1331 2726 1537 2778 elongatis
1574 2725 1895 2777 persistentibus

323 2779 473 2820 erectis
493 2779 549 2820 R.
573 2779 742 2832 Alpina>
758 2778 786 2819 f.
810 2778 1061 2831 Pyrenaicae
1082 2777 1188 2819 Gou.
1212 2777 1448 2820 conformis.
1466 2802 1518 2807 ——
1533 2778 1739 2820 Urceolus
1759 2781 1895 2819 matu-

325 2843 423 2872 rans
451 2832 620 2873 aciculis
639 2831 786 2872 validis
807 2832 973 2872 omnino
993 2834 1132 2872 tectus
1152 2831 1441 2884 horridusque,
1463 2831 1576 2872 unde
1595 2842 1760 2872 nomen.

385 2902 476 2936 Hab.
504 2903 541 2936 in
561 2902 713 2937 Caucasi
737 2903 885 2946 regione
905 2901 1099 2945 subalpina
1119 2906 1176 2936 sat
1192 2901 1363 2946 frequens
1384 2914 1391 2935 :
1412 2902 1448 2936 in
1468 2901 1612 2937 Ossetia
1628 2902 1664 2936 in
1682 2901 1780 2936 valle
1798 2900 1896 2935 flum.

339 2949 458 2984 Terek
485 2949 625 2991 (Broth.
659 2950 695 2983 in
720 2949 822 2984 herb.
849 2948 1007 2993 Crepin),
1034 2949 1069 2982 in
1098 2949 1348 2992 Daghestania
1379 2948 1534 2993 (Rupr.)‚
1565 2949 1601 2982 in
1632 2953 1752 2982 monte
1778 2948 1898 2992 Bogos
