2094 3351
214 269 284 305 200
962 279 1149 303 sosanna.
1692 267 1886 314 Grataequs.

214 350 236 376 Ρ
278 370 284 376 .

216 357 307 451 68ἔ4,
342 405 394 443 C.
418 413 739 454 monoqyna,
767 400 874 442 adde
897 414 904 441 :

380 491 472 526 Hab.
495 492 530 525 in
551 490 646 525 valle
666 490 803 524 Kuram
825 489 1028 533 Affghaniae
1051 489 1186 531 (Aitch.
1201 488 1234 532 l).

381 555 447 589 Ar.
468 554 610 597 Googr.
631 555 744 598 Regio
762 554 964 588 Himalaica
985 553 1232 588 occidentalis.

216 685 306 729 665,
343 683 694 721 Cotoneaster
714 680 1068 730 pyracantha,
1093 678 1200 719 adde
1223 691 1230 717 :

381 769 474 803 Hab.
495 769 531 802 in
552 774 671 802 monte
690 770 830 801 Amano
851 767 962 811 Syriae
980 766 1054 800 bor.
1078 766 1223 809 (Postb.

216 901 308 946 665,
341 902 439 938 ante
461 897 512 937 C.
535 896 822 947 vulgarem
841 895 977 935 insere
1000 907 1007 934 :

377 986 430 1025 C.
469 983 747 1024 bacillaris
780 982 922 1033 (Wall.
960 994 1009 1022 ex
1040 981 1178 1022 Lindl.
1212 981 1254 1022 in
1286 980 1381 1022 Bot.
1409 981 1514 1033 Reg.
1547 980 1664 1030 1220)
1693 979 1892 1020 fruticosa

321 1049 432 1089 saepe
451 1037 577 1085 elata,
601 1036 708 1076 foliis
728 1034 968 1087 majusculis
989 1034 1177 1075 obovatis
1197 1034 1261 1074 vel
1281 1033 1470 1085 oblongis
1491 1034 1625 1074 acutis
1644 1033 1709 1073 vel
1732 1032 1891 1073 obtusis

321 1090 579 1131 mucronatis
619 1088 774 1140 glabris
815 1087 963 1128 subtus
1007 1086 1294 1139 pallidioribus
1333 1090 1376 1127 et
1416 1086 1652 1137 junioribus
1690 1085 1888 1137 pilosulis,

321 1142 528 1195 corymbis
558 1141 711 1182 foliosis
737 1140 1028 1193 pedunculatis
1054 1140 1239 1180 breviter
1263 1139 1522 1191 pedieellatis
1542 1137 1777 1179 multifloris
1798 1149 1891 1178 cum

320 1195 463 1248 calyce
483 1194 745 1241 tomentosis,
769 1193 920 1245 ealyeis
946 1193 1106 1233 laciniis
1128 1192 1212 1232 late
1238 1191 1581 1244 triangularibus,
1605 1190 1747 1232 fructu
1768 1190 1892 1231 brun-

323 1260 399 1289 noo
421 1247 593 1299 globoso
627 1260 678 1298 5.
704 1245 747 1287 G.
771 1245 918 1287 obtusa
937 1245 1061 1286 Wall.

382 1319 475 1353 Hab.
498 1319 533 1352 in
552 1317 732 1352 montibus
754 1317 855 1351 distr.
876 1316 1012 1351 Kuram
1035 1315 1242 1360 Affghaniae
1263 1317 1403 1350 7-8500‘
1426 1316 1571 1359 copiose
1593 1315 1729 1351 (Aitch.
1749 1316 1816 1349 325
1829 1316 1862 1358 ί).

383 1381 451 1415 Ar.
474 1381 615 1423 Googr.
637 1381 750 1425 Regio
773 1380 977 1414 Himalaiea
990 1385 1205 1423 temperata.

219 1513 310 1558 666,
344 1509 430 1550 loeo
454 1510 505 1548 C.
527 1508 774 1559 vulgaris
794 1509 832 1561 β.
852 1505 1157 1559 pedcmcularis
1176 1516 1283 1557 pone
1305 1518 1313 1545 :

378 1596 427 1636 C.
451 1596 609 1647 niqra
631 1593 787 1646 (Wahl.
808 1606 858 1634 ex
877 1593 994 1634 Fries
1018 1592 1143 1640 Now,
1174 1605 1215 1644 p.
1250 1593 1341 1641 140)
1370 1592 1498 1632 ramis
1523 1591 1766 1639 inermibus,
1789 1590 1894 1631 foliis

325 1649 499 1700 integris
521 1648 653 1688 ovatis
675 1647 835 1688 obtusis
855 1657 983 1698 supra
1005 1645 1162 1698 glabm's
1183 1644 1236 1685 ad
1263 1656 1410 1685 nervos
1436 1644 1529 1696 plus
1558 1644 1694 1684 minus
1719 1643 1896 1684 hirtellis

323 1702 472 1743 subtus
495 1700 870 1747 albo-tomentosiS,
895 1698 1100 1751 corymbis
1122 1698 1271 1738 erectis
1292 1697 1462 1738 tandem
1490 1696 1681 1749 pendulis
1708 1696 1771 1737 vel
1801 1695 1896 1737 folio

324 1753 583 1795 brevioribus
603 1753 668 1793 vel
687 1753 780 1804 plus
799 1752 936 1793 minus
957 1751 1081 1803 longe
1106 1750 1399 1803 pedunculatis
1425 1754 1467 1791 et
1492 1749 1766 1802 pedieellatis,
1790 1749 1898 1801 caly-

328 1808 384 1847 ois
412 1806 547 1859 glabri
575 1806 770 1846 dentibus
797 1803 1286 1851 ovato—trian0·ula1·ibus,
1318 1802 1459 1843 fructu
1492 1803 1661 1843 oloboso
1692 1802 1810 1853 nigro
1843 1812 1894 1852 5.

333 1859 377 1901 C.
401 1859 698 1918 melczn‘oca'mn
717 1857 850 1899 Lodd.
884 1857 978 1898 Bot.
1002 1836 1123 1905 Cain,
1148 1856 1235 1897 tab.
1262 1859 1377 1897 1531.
1400 1879 1450 1883 —
1481 1834 1524 1897 ὅ.
1549 1853 1751 1907 laxiflora
1776 1854 1894 1906 Jacq.

326 1936 377 1940 —
399 1912 442 1954 (J.
467 1912 644 1954 Orzenta
667 1925 701 1952 cs
721 1910 897 1952 Kerner.

385 1983 479 2017 Hab.
501 1984 536 2017 in
555 1983 708 2027 Olympo
730 1982 887 2026 Bithyno
909 1987 944 2015 et
964 1980 1068 2024 prob.
1085 1981 1119 2014 in
1141 1980 1286 2024 regione
1309 1980 1516 2014 Caucasica.

386 2047 455 2080 Vix
475 2047 542 2081 nisi
564 2046 703 2081 fructus
729 2046 852 2080 colore
870 2056 891 2079 a
910 2045 946 2080 Ο.
962 2044 1103 2088 rulyari
1124 2044 1305 2078 distincta.

377 2109 453 2192 lAr.
477 2109 619 2190 Geggg.
640 2110 777 2152 Suecia,
799 2110 981 2151 Borussia‚
1010 2108 1108 2152 regio
1142 2107 1368 2150 Danufflalis,
1394 2106 1532 2150 Serbia,
1559 2106 1745 2150 Songaria,
1768 2105 1898 2140 Sibiria

342 2160 371 2191 A
391 2158 497 2200 taica‚
556 2167 575 2191 a
606 2157 696 2190 uria.

223 2286 315 2331 666,
350 2284 400 2323 C.
421 2285 744 2328 tomentosa,
767 2280 875 2321 adde
895 2293 902 2320 :

388 2369 480 2404 Hab.
501 2369 536 2403 in
557 2369 652 2403 valle
672 2367 811 2402 Kuram
833 2366 1038 2411 Affghaniae
1060 2369 1200 2401 7-8000‘
1224 2366 1359 2409 (Aitch.
1383 2367 1492 2407 277!).

224 2502 317 2547 667,
348 2501 442 2550 post
463 2498 514 2537 C.
539 2496 965 2537 nummulariam
984 2495 1122 2536 insere
1144 2507 1152 2535 ι

388 2586 440 2625 C.
464 2584 763 2624 multiflora
786 2582 907 2634 (Bge.
930 2582 971 2622 in
991 2581 1147 2622 Ledeb.
1170 2581 1273 2628 Alt.,
1296 2580 1350 2628 II,
1373 2593 1413 2632 p.
1432 2579 1526 2630 220)
1545 2578 1759 2627 fruticosa,
1775 2578 1903 2618 ramis

363 2637 590 2685 atentibus,
613 2635 721 2677 foliis
741 2636 873 2676 ovatis
896 2634 959 2676 vel
980 2634 1174 2686 elliptieis
1196 2633 1392 2685 utrinque
1412 2631 1649 2674 rotundatis
1669 2643 1797 2683 supra
1817 2631 1902 2682 gla-

333 2651 420 2731 Eris
440 2689 588 2731 subtus
608 2688 896 2741 pallidioribus
917 2693 960 2728 et
974 2686 1211 2740 junioribus
1231 2685 1432 2738 pilosulis,
1455 2683 1661 2737 corymbis
1681 2682 1904 2735 plurifloris

335 2742 570 2795 pedunculo
603 2741 757 2794 petiolo
789 2741 974 2793 longiore
1007 2739 1203 2787 suffultis,
1236 2738 1387 2790 ealycis
1420 2738 1555 2789 glabri
1591 2736 1787 2778 dentibus
1821 2735 1904 2776 lato

335 2795 664 2847 triangularibus
692 2794 881 2845 margine
907 2792 1120 2840 villosulis,
1150 2791 1300 2845 petalis
1334 2791 1439 2832 albis
1473 2789 1729 2837 orbiculatis,
1765 2788 1903 2829 fructu

336 2848 482 2900 glabro
499 2847 676 2888 obovato
696 2846 822 2887 rubro
850 2860 901 2898 5.
925 2845 1081 2886 Ledeb.
1105 2844 1161 2886 Ic.
1185 2844 1273 2885 tab.
1297 2847 1388 2884 274.

394 2919 486 2953 Hab.
512 2919 548 2952 in
569 2918 665 2953 valle
699 2918 835 2952 Kuram
868 2916 1073 2961 Affghaniae
1103 2916 1238 2951 ‹Aitch.
1271 2916 1384 2958 7822),
1409 2915 1444 2948 in
1470 2924 1570 2958 prov.
1600 2912 1902 2948 Transcaucasicai

346 2966 503 3010 Talysch
526 2965 583 3009 (ex
606 2966 689 3001 C.A.
709 2965 858 3010 Meyer).

394 3029 461 3064 Ar.
481 3029 622 3072 Geogr.
643 3029 773 3065 Sibiria
796 3028 941 3063 Altaica
963 3034 997 3062 et
1015 3027 1250 3070 Baicalensis‚
1270 3026 1526 3068 Turkestania,
1546 3024 1739 3069 Himalaya
1756 3023 1867 3058 occid.
