2115 3250
189 211 310 246 Isatis.
919 218 1142 242 naumann.
1823 206 1867 241 65

205 292 278 326 Pag-

298 343 512 396 pedicellis
529 343 587 383 eis
607 341 866 382 brevioribus
888 342 1071 382 recurvis
1098 341 1215 393 apice
1243 339 1484 381 incrassatis
1510 338 1691 379 suffultis
1749 340 1871 380 ubes-

301 396 492 437 centibus
519 394 944 447 oblongo-linearibus
973 393 1134 434 inferne
1167 392 1478 434 subattenuatis
1499 392 1671 431 clavatis
1693 403 1714 431 o
1748 393 1867 440 tusis,

298 449 422 489 loculi
443 449 543 488 area
561 448 743 499 angusta
764 458 890 487 nervo
911 447 1072 488 elevato
1092 446 1310 498 bipartita,
1333 445 1401 485 ala
1425 444 1603 495 fungosa
1629 444 1719 485 laevi
1739 446 1872 485 utrin-

298 513 381 554 que
398 501 531 542 loculo
550 500 700 541 latiore
726 503 785 547 ΩΙ.

309 571 452 653 P‘131sz
471 571 507 605 in
526 575 647 604 monte
664 570 762 604 Atho
782 569 877 604 unde
897 570 1033 604 semina
1054 580 1096 604 ex
1119 569 1248 613 quibus
1267 569 1361 603 hanc
1381 568 1543 612 plantam
1565 567 1659 601 colui
1680 567 1807 601 retulit
1826 568 1870 601 cl.

341 629 373 652 lc
418 629 467 652 er.

362 681 507 716 Pedalis
528 680 584 715 vel
612 691 740 724 parum
767 681 909 723 elatior,
927 680 1075 724 insignis
1097 679 1192 713 foliis
1213 680 1375 723 angustis
1396 679 1523 713 acutis.
1544 678 1702 713 Siliculoe
1717 680 1737 712 6
1757 678 1873 711 lineas

320 729 405 763 latae
426 731 447 762 2
468 729 584 771 longae
601 738 661 762 eas
677 729 708 762 Ι.
730 728 904 771 tinctoriae
920 727 1169 771 magnitudine
1186 726 1398 770 referentes,
1414 726 1476 760 sed
1490 726 1674 760 breviores
1692 736 1758 759 nec
1772 725 1875 768 apice

318 781 496 810 truncatae
517 785 582 809 nec
599 781 743 809 retusae.

201 931 294 977 379,
324 931 420 979 post
441 927 480 967 1.
503 926 757 978 frigidam
776 926 913 966 insere
935 938 943 965 :

359 1015 399 1054 Ι.
428 1013 715 1054 reticulata
737 1011 858 1064 (CA.
880 1011 992 1064 Mey.
1015 1011 1146 1052 Beitr.
1170 1011 1232 1052 Pl.
1261 1012 1383 1052 Russ.
1411 1011 1484 1059 VI,
1516 1023 1557 1062 p.
1588 1014 1655 1061 52)
1682 1011 1877 1062 perennis

302 1066 368 1107 vel
387 1066 564 1114 biennis,
588 1066 705 1106 caule
725 1066 836 1106 elato
856 1077 1035 1117 superne
1054 1064 1311 1117 corymboso,
1336 1065 1442 1105 foliis
1462 1064 1603 1116 pilosis
1623 1063 1878 1104 radicalibus

304 1120 427 1170 longe
458 1119 685 1170 petiolatis,
716 1118 889 1159 caulinis
921 1117 1110 1169 oblongis
1144 1118 1359 1168 sagittatis
1394 1117 1589 1158 auriculis
1623 1117 1876 1163 rotundatis,

307 1172 478 1213 siliculis
492 1184 549 1212 ex
568 1171 759 1223 pediculo
778 1170 959 1211 filiformi
980 1171 1038 1211 eis
1064 1170 1334 1211 subbreviore
1360 1170 1551 1222 pendulis
1579 1170 1736 1221 glabris
1764 1170 1880 1220 ellip-

309 1225 402 1265 ticis
423 1225 598 1273 obtusis,
621 1224 743 1265 loculi
770 1225 869 1264 area
894 1224 1088 1275 laevigata
1109 1223 1306 1275 depressa
1332 1235 1457 1263 nervo
1478 1223 1639 1263 elevato
1658 1222 1877 1274 bipartita,

308 1278 376 1318 ala
396 1279 537 1318 crassa
556 1277 733 1329 fungosa
753 1276 948 1318 elevatim
967 1276 1366 1328 reticulato-rugosa
1385 1276 1518 1316 loculo
1538 1277 1736 1327 utrinque
1754 1275 1881 1327 aequi-

307 1331 397 1372 lata
423 1334 462 1378 ΩΙ
487 1330 551 1371 vel
573 1334 636 1378 Q).

367 1401 462 1435 Hab.
483 1402 518 1434 in
539 1401 699 1435 Caucaso
717 1411 831 1444 prope
851 1410 983 1444 pagum
1001 1399 1148 1434 Kasbek
1170 1401 1273 1434 5400'
1288 1400 1503 1443 (Kolenatill
1528 1399 1624 1443 (Vidi
1642 1399 1832 1442 siliculas).

368 1465 501 1498 Planta
527 1464 823 1508 quadrupedalis,
847 1464 999 1497 siliculze
1029 1465 1089 1497 7-8
1118 1464 1232 1498 lineas
1262 1463 1380 1507 longae
1413 1465 1432 1497 3
1462 1464 1546 1497 latae
1580 1473 1641 1497 eas
1672 1464 1703 1497 I.
1739 1462 1883 1507 friyidae

321 1511 570 1555 magnitudine
590 1516 625 1546 et
654 1511 770 1545 forma
787 1510 997 1553 referentes,
1023 1511 1087 1545 sed
1107 1511 1236 1544 eximie
1256 1511 1460 1545 reticulatae
1485 1517 1520 1545 et
1545 1511 1674 1554 planta
1695 1510 1793 1544 elata
1816 1520 1882 1543 nec

322 1558 480 1593 humilis.
499 1558 660 1593 Ulterius
678 1558 915 1601 observanda,
933 1568 979 1592 an
996 1557 1134 1592 biennis
1155 1558 1211 1592 vel
1229 1559 1408 1601 perennis.

210 1710 303 1756 382,
334 1710 430 1760 post
448 1708 487 1748 1.
509 1708 941 1759 brachycarpam
961 1708 1099 1748 insere
1120 1719 1128 1747 :

369 1795 406 1834 Ι.
444 1795 739 1845 Bunqeana
772 1793 965 1846 (Seidlitz
994 1793 1145 1834 Botan.
1174 1793 1361 1845 Ergebn.
1393 1805 1433 1845 p.
1462 1793 1530 1836 83)
1562 1793 1740 1839 biennis,
1765 1793 1885 1833 caule

312 1850 453 1887 erecto
473 1847 649 1898 sparsim
670 1847 815 1898 piloso,
836 1846 942 1887 foliis
962 1847 1152 1898 margine
1173 1850 1215 1886 et
1243 1846 1296 1886 ad
1323 1859 1495 1887 nervum
1523 1847 1671 1887 setosis
1691 1846 1886 1886 radicali-

311 1899 390 1940 bus
411 1899 600 1951 oblongis
616 1900 707 1940 basi
726 1900 849 1951 longe
867 1899 1112 1945 attenuatis,
1130 1899 1303 1940 caulinis
1318 1899 1759 1951 oblongo-lanceolatis
1776 1899 1886 1939 auri-

310 1952 415 1992 culis
432 1953 674 1993 lanceolatis
689 1953 837 2000 acutis,
853 1952 1066 2004 pedicellis
1082 1951 1307 1992 fructiferis
1325 1953 1556 1993 recurvatis
1573 1953 1690 2003 apice
1705 1952 1887 1992 clavato-

311 2006 569 2054 incrassatis,
590 2005 759 2049 siliculis
778 2005 969 2057 pendulis
992 2005 1192 2057 pedicello
1213 2005 1551 2045 subbrevioribus
1578 2005 1667 2045 basi
1689 2009 1887 2045 cuneato-

312 2059 545 2098 attenuatis
572 2058 689 2110 apice
714 2058 1128 2105 rotumlato-retusis,
1152 2058 1218 2097 ala
1247 2057 1380 2098 loculo
1408 2058 1595 2098 uninervi
1624 2058 1888 2110 prominente

310 2110 477 2162 juniore
497 2115 730 2152 tornentoso
751 2111 1074 2162 subangustiore
1096 2121 1158 2159 (g).

373 2182 467 2216 Hah.
479 2183 514 2216 in
527 2183 623 2217 valle
635 2183 734 2217 edita
745 2183 875 2217 montis
887 2183 1023 2227 Alagos
1038 2193 1148 2226 supra
1161 2183 1319 2217 Kasafar
1332 2183 1512 2217 Armeniae
1522 2182 1659 2226 (Seidl.)
1674 2183 1768 2225 (Non
1783 2182 1886 2220 vidi).

375 2247 532 2281 Siliculis
552 2248 752 2281 immaturis
772 2252 912 2281 tantum
931 2252 1033 2288 nota3
1060 2258 1081 2281 a
1111 2247 1154 2281 cl.
1176 2254 1324 2281 auctore
1346 2253 1579 2291 comparatur
1605 2259 1684 2282 cum
1711 2248 1742 2282 I.
1766 2247 1888 2281 micro-

328 2294 440 2337 carpsi
460 2304 481 2328 a
498 2296 569 2337 qua
587 2294 709 2328 differt
726 2295 868 2328 silicula
882 2295 995 2329 multo
1016 2295 1154 2338 majore
1175 2300 1211 2329 et
1232 2296 1355 2339 calyce
1372 2295 1499 2339 piloso.

208 2446 302 2493 382,
334 2445 373 2484 Ι.
397 2444 753 2495 microcarpa,
776 2443 884 2485 adde
907 2457 915 2485 :

377 2532 470 2566 Hab.
491 2532 538 2566 ad
557 2532 689 2567 Galala
707 2532 840 2567 deserti
861 2532 1009 2566 Arabici
1028 2533 1181 2576 AEgypti
1201 2532 1328 2566 mediae
1347 2535 1448 2567 3300Ι
1468 2532 1671 2572 (Schweinf.
1684 2533 1718 2577 !).

213 2685 306 2731 382,
339 2682 380 2722 Ι.
401 2682 673 2734 Aleppica‚
696 2681 828 2723 adde:

378 2767 473 2802 Hab.
494 2769 529 2802 in
549 2769 813 2812 Mesopotamia
833 2778 947 2811 prope
968 2768 1085 2802 Terei<
1108 2768 1324 2811 (Haussk.!).

372 2847 556 2889 Isatides
576 2848 784 2889 nonnullae
803 2847 938 2900 quoad
959 2847 1120 2888 fructus
1141 2852 1328 2889 maturos
1350 2848 1533 2889 nondum
1554 2852 1621 2888 sat
1641 2852 1750 2888 notae
1770 2852 1892 2895 sunt;

321 2901 497 2941 ulterius
518 2912 681 2953 quoque
701 2900 1006 2942 observandum
1028 2913 1081 2941 an
1111 2902 1312 2942 transitus
1341 2902 1452 2942 inter
1476 2901 1612 2941 varias
1632 2901 1791 2953 species
1812 2912 1894 2941 non

318 2959 557 2994 occurrant.

1683 3041 1704 3075 5
