<?xml version="1.0" encoding="UTF-8"?>
<!DOCTYPE html PUBLIC "-//W3C//DTD XHTML 1.0 Transitional//EN"
    "http://www.w3.org/TR/xhtml1/DTD/xhtml1-transitional.dtd">
<html xmlns="http://www.w3.org/1999/xhtml" xml:lang="en" lang="en">
 <head>
  <title>
</title>
<meta http-equiv="Content-Type" content="text/html;charset=utf-8" />
  <meta name='ocr-system' content='tesseract 3.04.00' />
  <meta name='ocr-capabilities' content='ocr_page ocr_carea ocr_par ocr_line ocrx_word'/>
</head>
<body>
  <div class='ocr_page' id='page_1' title='image "./floraorientaliss00bois_0235.png"; bbox 0 0 2115 3250; ppageno 0'>
   <div class='ocr_carea' id='block_1_1' title="bbox 210 196 1878 232">
    <p class='ocr_par' dir='ltr' id='par_1_1' title="bbox 210 196 1878 232">
     <span class='ocr_line' id='line_1_1' title="bbox 210 196 1878 232; baseline 0 -1"><span class='ocrx_word' id='word_1_1' title='bbox 210 196 444 232; x_wconf 77' lang='lat' dir='ltr'>Desmodium.</span> <span class='ocrx_word' id='word_1_2' title='bbox 918 205 1173 230; x_wconf 75' lang='lat' dir='ltr'><strong>LEGUMINOSAE.</strong></span> <span class='ocrx_word' id='word_1_3' title='bbox 1812 197 1878 231; x_wconf 75' lang='lat'>¹93</span> 
     </span>
    </p>
   </div>
   <div class='ocr_carea' id='block_1_2' title="bbox 207 278 1880 705">
    <p class='ocr_par' dir='ltr' id='par_1_2' title="bbox 207 278 277 304">
     <span class='ocr_line' id='line_1_2' title="bbox 207 278 277 304; baseline -0.014 0"><span class='ocrx_word' id='word_1_4' title='bbox 207 278 246 304; x_wconf 67' lang='lat' dir='ltr'>Pa</span> <span class='ocrx_word' id='word_1_5' title='bbox 270 297 277 303; x_wconf 90' lang='lat'><strong>.</strong></span> 
     </span>
    </p>

    <p class='ocr_par' dir='ltr' id='par_1_3' title="bbox 248 285 1880 590">
     <span class='ocr_line' id='line_1_3' title="bbox 248 285 1879 380; baseline 0 -10"><span class='ocrx_word' id='word_1_6' title='bbox 248 285 267 312; x_wconf 63' lang='lat' dir='ltr'>g</span> <span class='ocrx_word' id='word_1_7' title='bbox 312 327 562 377; x_wconf 84' lang='lat' dir='ltr'>laxiusculis,</span> <span class='ocrx_word' id='word_1_8' title='bbox 584 328 797 380; x_wconf 89' lang='lat' dir='ltr'>pedicellis</span> <span class='ocrx_word' id='word_1_9' title='bbox 815 327 1081 379; x_wconf 85' lang='lat' dir='ltr'>capillaribus</span> <span class='ocrx_word' id='word_1_10' title='bbox 1102 328 1242 379; x_wconf 81' lang='lat' dir='ltr'>calyce</span> <span class='ocrx_word' id='word_1_11' title='bbox 1263 328 1531 379; x_wconf 78' lang='lat' dir='ltr'>longioribUS,</span> <span class='ocrx_word' id='word_1_12' title='bbox 1549 328 1700 380; x_wconf 89' lang='lat' dir='ltr'>calycis</span> <span class='ocrx_word' id='word_1_13' title='bbox 1722 332 1879 370; x_wconf 88' lang='lat' dir='ltr'>tomen-</span> 
     </span>
     <span class='ocr_line' id='line_1_4' title="bbox 311 379 1880 480; baseline 0 -58"><span class='ocrx_word' id='word_1_14' title='bbox 311 382 398 474; x_wconf 46' lang='grc' dir='ltr'>ἓξὲξ</span> <span class='ocrx_word' id='word_1_15' title='bbox 417 380 628 480; x_wconf 60' lang='lat' dir='ltr'>Qdentibus</span> <span class='ocrx_word' id='word_1_16' title='bbox 667 379 905 428; x_wconf 87' lang='lat' dir='ltr'>deltoideis,</span> <span class='ocrx_word' id='word_1_17' title='bbox 947 379 1167 431; x_wconf 83' lang='lat' dir='ltr'>leguminis</span> <span class='ocrx_word' id='word_1_18' title='bbox 1206 380 1393 421; x_wconf 77' lang='lat' dir='ltr'>articulis</span> <span class='ocrx_word' id='word_1_19' title='bbox 1425 379 1648 421; x_wconf 81' lang='lat' dir='ltr'>latitudine</span> <span class='ocrx_word' id='word_1_20' title='bbox 1686 381 1880 432; x_wconf 87' lang='lat' dir='ltr'>longiori-</span> 
     </span>
     <span class='ocr_line' id='line_1_5' title="bbox 326 501 1877 590; baseline 0 -53"><span class='ocrx_word' id='word_1_21' title='bbox 326 503 577 590; x_wconf 42' lang='lat' dir='ltr'>(NHah&#39;le&#39;lter</span> <span class='ocrx_word' id='word_1_22' title='bbox 596 503 763 537; x_wconf 87' lang='lat' dir='ltr'>arbustos</span> <span class='ocrx_word' id='word_1_23' title='bbox 789 504 885 537; x_wconf 75' lang='lat' dir='ltr'>circa</span> <span class='ocrx_word' id='word_1_24' title='bbox 907 503 1076 538; x_wconf 89' lang='lat' dir='ltr'>Shalizan</span> <span class='ocrx_word' id='word_1_25' title='bbox 1108 507 1141 547; x_wconf 60' lang='grc' dir='ltr'>οξ(</span> <span class='ocrx_word' id='word_1_26' title='bbox 1163 501 1336 537; x_wconf 83' lang='lat' dir='ltr'>Shendtoi</span> <span class='ocrx_word' id='word_1_27' title='bbox 1366 501 1572 545; x_wconf 83' lang='lat' dir='ltr'>Affghaniae</span> <span class='ocrx_word' id='word_1_28' title='bbox 1596 505 1698 537; x_wconf 77' lang='lat'><strong>7000&#39;</strong></span> <span class='ocrx_word' id='word_1_29' title='bbox 1726 503 1877 547; x_wconf 82' lang='lat' dir='ltr'>(Aitch.)</span> 
     </span>
    </p>

    <p class='ocr_par' dir='ltr' id='par_1_4' title="bbox 323 556 1879 705">
     <span class='ocr_line' id='line_1_6' title="bbox 378 556 540 588; baseline 0 -5"><span class='ocrx_word' id='word_1_30' title='bbox 378 560 422 583; x_wconf 91' lang='lat' dir='ltr'>on</span> <span class='ocrx_word' id='word_1_31' title='bbox 442 561 476 583; x_wconf 79' lang='lat' dir='ltr'>vl</span> <span class='ocrx_word' id='word_1_32' title='bbox 504 556 540 588; x_wconf 76' lang='lat'>1).</span> 
     </span>
     <span class='ocr_line' id='line_1_7' title="bbox 369 613 1879 658; baseline -0.001 -10"><span class='ocrx_word' id='word_1_33' title='bbox 369 614 511 648; x_wconf 89' lang='lat' dir='ltr'>Foliola</span> <span class='ocrx_word' id='word_1_34' title='bbox 531 614 719 658; x_wconf 84' lang='lat' dir='ltr'>superiora</span> <span class='ocrx_word' id='word_1_35' title='bbox 740 617 836 657; x_wconf 73' lang='lat' dir='ltr'>saepe</span> <span class='ocrx_word' id='word_1_36' title='bbox 859 615 917 648; x_wconf 85' lang='lat'>2-3</span> <span class='ocrx_word' id='word_1_37' title='bbox 935 613 1087 657; x_wconf 80' lang='lat' dir='ltr'>pollices</span> <span class='ocrx_word' id='word_1_38' title='bbox 1104 613 1213 657; x_wconf 85' lang='lat' dir='ltr'>longa</span> <span class='ocrx_word' id='word_1_39' title='bbox 1237 618 1272 647; x_wconf 92' lang='lat' dir='ltr'>et</span> <span class='ocrx_word' id='word_1_40' title='bbox 1294 613 1371 646; x_wconf 84' lang='lat' dir='ltr'>lata</span> <span class='ocrx_word' id='word_1_41' title='bbox 1394 613 1536 657; x_wconf 87' lang='lat' dir='ltr'>integra</span> <span class='ocrx_word' id='word_1_42' title='bbox 1557 614 1613 648; x_wconf 90' lang='lat' dir='ltr'>vel</span> <span class='ocrx_word' id='word_1_43' title='bbox 1635 613 1879 657; x_wconf 80' lang='lat' dir='ltr'>subrepanda,</span> 
     </span>
     <span class='ocr_line' id='line_1_8' title="bbox 323 661 1195 705; baseline -0.001 -10"><span class='ocrx_word' id='word_1_44' title='bbox 323 663 456 695; x_wconf 85' lang='lat' dir='ltr'><strong>racemi</strong></span> <span class='ocrx_word' id='word_1_45' title='bbox 475 661 724 704; x_wconf 84' lang='lat' dir='ltr'>semipedales,</span> <span class='ocrx_word' id='word_1_46' title='bbox 745 661 912 705; x_wconf 87' lang='lat' dir='ltr'>legumen</span> <span class='ocrx_word' id='word_1_47' title='bbox 931 661 1195 704; x_wconf 83' lang='lat' dir='ltr'>2-3—pollicare.</span> 
     </span>
    </p>
   </div>
   <div class='ocr_carea' id='block_1_3' title="bbox 370 723 1478 769">
    <p class='ocr_par' dir='ltr' id='par_1_5' title="bbox 370 723 1478 769">
     <span class='ocr_line' id='line_1_9' title="bbox 370 723 1478 769; baseline 0 -11"><span class='ocrx_word' id='word_1_48' title='bbox 370 725 436 758; x_wconf 82' lang='lat' dir='ltr'>Ar.</span> <span class='ocrx_word' id='word_1_49' title='bbox 458 724 601 767; x_wconf 79' lang='lat' dir='ltr'>Geogr.</span> <span class='ocrx_word' id='word_1_50' title='bbox 621 726 735 769; x_wconf 89' lang='lat' dir='ltr'>Regio</span> <span class='ocrx_word' id='word_1_51' title='bbox 755 725 958 759; x_wconf 81' lang='lat' dir='ltr'>Himalaica</span> <span class='ocrx_word' id='word_1_52' title='bbox 979 730 1181 768; x_wconf 87' lang='lat' dir='ltr'>temperata</span> <span class='ocrx_word' id='word_1_53' title='bbox 1201 729 1236 759; x_wconf 87' lang='lat' dir='ltr'>et</span> <span class='ocrx_word' id='word_1_54' title='bbox 1256 723 1478 768; x_wconf 86' lang='lat' dir='ltr'>subtropica.</span> 
     </span>
    </p>
   </div>
   <div class='ocr_carea' id='block_1_4' title="bbox 415 926 1666 992">
    <p class='ocr_par' dir='ltr' id='par_1_6' title="bbox 415 926 1666 992">
     <span class='ocr_line' id='line_1_10' title="bbox 415 926 1666 992; baseline 0.002 -18"><span class='ocrx_word' id='word_1_55' title='bbox 415 926 814 976; x_wconf 82' lang='lat' dir='ltr'><strong>ALYSIGARPUS</strong></span> <span class='ocrx_word' id='word_1_56' title='bbox 852 926 1008 992; x_wconf 86' lang='lat' dir='ltr'>(Neck.</span> <span class='ocrx_word' id='word_1_57' title='bbox 1036 926 1081 974; x_wconf 88' lang='lat' dir='ltr'>in</span> <span class='ocrx_word' id='word_1_58' title='bbox 1109 926 1237 976; x_wconf 85' lang='lat' dir='ltr'>Desv.</span> <span class='ocrx_word' id='word_1_59' title='bbox 1265 926 1433 987; x_wconf 88' lang='lat' dir='ltr'>Journ.,</span> <span class='ocrx_word' id='word_1_60' title='bbox 1459 926 1496 988; x_wconf 94' lang='lat' dir='ltr'>I,</span> <span class='ocrx_word' id='word_1_61' title='bbox 1529 927 1666 990; x_wconf 88' lang='grc'>120).</span> 
     </span>
    </p>
   </div>
   <div class='ocr_carea' id='block_1_5' title="bbox 307 1075 1881 1339">
    <p class='ocr_par' dir='ltr' id='par_1_7' title="bbox 307 1075 1881 1339">
     <span class='ocr_line' id='line_1_11' title="bbox 363 1075 1881 1129; baseline 0.002 -13"><span class='ocrx_word' id='word_1_62' title='bbox 363 1075 492 1128; x_wconf 88' lang='lat' dir='ltr'>Calyx</span> <span class='ocrx_word' id='word_1_63' title='bbox 512 1076 752 1128; x_wconf 88' lang='lat' dir='ltr'>glumaceus</span> <span class='ocrx_word' id='word_1_64' title='bbox 778 1075 984 1128; x_wconf 85' lang='lat' dir='ltr'>profunde</span> <span class='ocrx_word' id='word_1_65' title='bbox 1014 1075 1213 1116; x_wconf 90' lang='lat' dir='ltr'>dentatus</span> <span class='ocrx_word' id='word_1_66' title='bbox 1242 1075 1437 1116; x_wconf 83' lang='lat' dir='ltr'>dentibus</span> <span class='ocrx_word' id='word_1_67' title='bbox 1460 1076 1744 1128; x_wconf 87' lang='lat' dir='ltr'>superioribus</span> <span class='ocrx_word' id='word_1_68' title='bbox 1770 1080 1881 1129; x_wconf 81' lang='lat' dir='ltr'>saep&#39;e</span> 
     </span>
     <span class='ocr_line' id='line_1_12' title="bbox 308 1128 1881 1182; baseline 0.003 -15"><span class='ocrx_word' id='word_1_69' title='bbox 308 1129 510 1169; x_wconf 79' lang='lat' dir='ltr'>connatis.</span> <span class='ocrx_word' id='word_1_70' title='bbox 532 1128 739 1170; x_wconf 84' lang='lat' dir='ltr'>Vexillum</span> <span class='ocrx_word' id='word_1_71' title='bbox 765 1128 987 1170; x_wconf 89' lang='lat' dir='ltr'>obovatum</span> <span class='ocrx_word' id='word_1_72' title='bbox 1015 1129 1057 1169; x_wconf 94' lang='lat' dir='ltr'>in</span> <span class='ocrx_word' id='word_1_73' title='bbox 1081 1140 1267 1181; x_wconf 90' lang='lat' dir='ltr'>unguem</span> <span class='ocrx_word' id='word_1_74' title='bbox 1294 1131 1582 1179; x_wconf 86' lang='lat' dir='ltr'>angustatum,</span> <span class='ocrx_word' id='word_1_75' title='bbox 1611 1128 1688 1171; x_wconf 82' lang='lat' dir='ltr'>alae</span> <span class='ocrx_word' id='word_1_76' title='bbox 1714 1129 1881 1182; x_wconf 90' lang='lat' dir='ltr'>oblique</span> 
     </span>
     <span class='ocr_line' id='line_1_13' title="bbox 307 1180 1881 1233; baseline 0.001 -11"><span class='ocrx_word' id='word_1_77' title='bbox 307 1181 495 1233; x_wconf 79' lang='lat' dir='ltr'>oblongae</span> <span class='ocrx_word' id='word_1_78' title='bbox 516 1182 667 1223; x_wconf 83' lang='lat' dir='ltr'>carinae</span> <span class='ocrx_word' id='word_1_79' title='bbox 687 1182 847 1222; x_wconf 84' lang='lat' dir='ltr'>obtusae</span> <span class='ocrx_word' id='word_1_80' title='bbox 864 1181 1143 1222; x_wconf 67' lang='lat' dir='ltr'>adhaerentes.</span> <span class='ocrx_word' id='word_1_81' title='bbox 1161 1180 1333 1222; x_wconf 83' lang='lat' dir='ltr'>Stamen</span> <span class='ocrx_word' id='word_1_82' title='bbox 1350 1181 1547 1222; x_wconf 82' lang='lat' dir='ltr'>vexillare</span> <span class='ocrx_word' id='word_1_83' title='bbox 1562 1181 1755 1223; x_wconf 89' lang='lat' dir='ltr'>liberum.</span> <span class='ocrx_word' id='word_1_84' title='bbox 1773 1181 1881 1225; x_wconf 86' lang='lat' dir='ltr'>Ova-</span> 
     </span>
     <span class='ocr_line' id='line_1_14' title="bbox 307 1234 1877 1287; baseline 0.002 -13"><span class='ocrx_word' id='word_1_85' title='bbox 307 1235 413 1274; x_wconf 83' lang='lat' dir='ltr'>rium</span> <span class='ocrx_word' id='word_1_86' title='bbox 439 1234 779 1286; x_wconf 87' lang='lat' dir='ltr'>pluriovulatum,</span> <span class='ocrx_word' id='word_1_87' title='bbox 810 1234 942 1286; x_wconf 86' lang='lat' dir='ltr'>stylus</span> <span class='ocrx_word' id='word_1_88' title='bbox 974 1234 1177 1275; x_wconf 87' lang='lat' dir='ltr'>filiformis</span> <span class='ocrx_word' id='word_1_89' title='bbox 1202 1235 1413 1282; x_wconf 85' lang='lat' dir='ltr'>incurvus,</span> <span class='ocrx_word' id='word_1_90' title='bbox 1445 1235 1601 1286; x_wconf 84' lang='lat' dir='ltr'>stigma</span> <span class='ocrx_word' id='word_1_91' title='bbox 1629 1235 1877 1287; x_wconf 86' lang='lat' dir='ltr'>capitatum.</span> 
     </span>
     <span class='ocr_line' id='line_1_15' title="bbox 308 1286 1881 1339; baseline 0.001 -12"><span class='ocrx_word' id='word_1_92' title='bbox 308 1286 518 1337; x_wconf 87' lang='lat' dir='ltr'>Legumen</span> <span class='ocrx_word' id='word_1_93' title='bbox 539 1292 650 1328; x_wconf 87' lang='lat' dir='ltr'>teres</span> <span class='ocrx_word' id='word_1_94' title='bbox 670 1287 735 1328; x_wconf 89' lang='lat' dir='ltr'>vel</span> <span class='ocrx_word' id='word_1_95' title='bbox 754 1287 1174 1339; x_wconf 89' lang='lat' dir='ltr'>compressiusculum</span> <span class='ocrx_word' id='word_1_96' title='bbox 1200 1286 1312 1327; x_wconf 88' lang='lat' dir='ltr'>inter</span> <span class='ocrx_word' id='word_1_97' title='bbox 1338 1287 1537 1328; x_wconf 77' lang='lat' dir='ltr'>articulos</span> <span class='ocrx_word' id='word_1_98' title='bbox 1571 1287 1881 1329; x_wconf 87' lang='lat' dir='ltr'>indehiscentes</span> 
     </span>
    </p>
   </div>
   <div class='ocr_carea' id='block_1_6' title="bbox 307 1339 1881 1486">
    <p class='ocr_par' dir='ltr' id='par_1_8' title="bbox 307 1339 1881 1486">
     <span class='ocr_line' id='line_1_16' title="bbox 308 1339 1880 1393; baseline 0.001 -13"><span class='ocrx_word' id='word_1_99' title='bbox 308 1351 618 1392; x_wconf 89' lang='lat' dir='ltr'>monospermos</span> <span class='ocrx_word' id='word_1_100' title='bbox 650 1340 923 1381; x_wconf 86' lang='lat' dir='ltr'>constrictum</span> <span class='ocrx_word' id='word_1_101' title='bbox 955 1340 1019 1380; x_wconf 83' lang='lat' dir='ltr'>vel</span> <span class='ocrx_word' id='word_1_102' title='bbox 1052 1352 1087 1381; x_wconf 87' lang='lat' dir='ltr'>ae</span> <span class='ocrx_word' id='word_1_103' title='bbox 1118 1340 1226 1380; x_wconf 86' lang='lat' dir='ltr'>uale.</span> <span class='ocrx_word' id='word_1_104' title='bbox 1263 1363 1312 1367; x_wconf 90' lang='lat'><strong>—</strong></span> <span class='ocrx_word' id='word_1_105' title='bbox 1347 1339 1502 1381; x_wconf 84' lang='lat' dir='ltr'>Herbae</span> <span class='ocrx_word' id='word_1_106' title='bbox 1530 1339 1638 1381; x_wconf 86' lang='lat' dir='ltr'>foliis</span> <span class='ocrx_word' id='word_1_107' title='bbox 1667 1341 1880 1393; x_wconf 89' lang='lat' dir='ltr'>stipulatis</span> 
     </span>
     <span class='ocr_line' id='line_1_17' title="bbox 307 1392 1881 1485; baseline 0.002 -53"><span class='ocrx_word' id='word_1_108' title='bbox 307 1392 562 1485; x_wconf 52' lang='grc' dir='ltr'>εξὶῃρΙίοἰὺιιε</span> <span class='ocrx_word' id='word_1_109' title='bbox 599 1393 663 1434; x_wconf 88' lang='lat' dir='ltr'>vel</span> <span class='ocrx_word' id='word_1_110' title='bbox 701 1392 969 1441; x_wconf 87' lang='lat' dir='ltr'>trifoliolatis,</span> <span class='ocrx_word' id='word_1_111' title='bbox 1010 1392 1100 1433; x_wconf 89' lang='lat' dir='ltr'>flori</span> <span class='ocrx_word' id='word_1_112' title='bbox 1133 1404 1181 1433; x_wconf 89' lang='lat' dir='ltr'>us</span> <span class='ocrx_word' id='word_1_113' title='bbox 1217 1392 1259 1433; x_wconf 91' lang='lat' dir='ltr'>in</span> <span class='ocrx_word' id='word_1_114' title='bbox 1298 1403 1485 1433; x_wconf 84' lang='lat' dir='ltr'>racemos</span> <span class='ocrx_word' id='word_1_115' title='bbox 1516 1393 1710 1434; x_wconf 84' lang='lat' dir='ltr'>axillares</span> <span class='ocrx_word' id='word_1_116' title='bbox 1744 1394 1881 1446; x_wconf 91' lang='lat' dir='ltr'>dispo-</span> 
     </span>
     <span class='ocr_line' id='line_1_18' title="bbox 307 1457 411 1486; baseline 0.01 -1"><span class='ocrx_word' id='word_1_117' title='bbox 307 1457 340 1485; x_wconf 84' lang='lat' dir='ltr'>s1</span> <span class='ocrx_word' id='word_1_118' title='bbox 364 1457 411 1486; x_wconf 82' lang='lat' dir='ltr'>is.</span> 
     </span>
    </p>
   </div>
   <div class='ocr_carea' id='block_1_7' title="bbox 305 1565 1880 1883">
    <p class='ocr_par' dir='ltr' id='par_1_9' title="bbox 305 1565 1880 1883">
     <span class='ocr_line' id='line_1_19' title="bbox 358 1565 1876 1626; baseline 0.002 -21"><span class='ocrx_word' id='word_1_119' title='bbox 358 1567 417 1605; x_wconf 86' lang='lat' dir='ltr'>A.</span> <span class='ocrx_word' id='word_1_120' title='bbox 439 1567 708 1618; x_wconf 68' lang='lat' dir='ltr'>vaginalis</span> <span class='ocrx_word' id='word_1_121' title='bbox 729 1566 815 1626; x_wconf 71' lang='lat' dir='ltr'>(nc.</span> <span class='ocrx_word' id='word_1_122' title='bbox 835 1565 1001 1615; x_wconf 85' lang='lat' dir='ltr'>Prodr.,</span> <span class='ocrx_word' id='word_1_123' title='bbox 1022 1565 1077 1615; x_wconf 92' lang='lat' dir='ltr'>II,</span> <span class='ocrx_word' id='word_1_124' title='bbox 1102 1565 1196 1618; x_wconf 86' lang='lat'>353)</span> <span class='ocrx_word' id='word_1_125' title='bbox 1218 1566 1406 1607; x_wconf 86' lang='lat' dir='ltr'>caulibus</span> <span class='ocrx_word' id='word_1_126' title='bbox 1428 1566 1623 1607; x_wconf 88' lang='lat' dir='ltr'>tenuibus</span> <span class='ocrx_word' id='word_1_127' title='bbox 1645 1568 1794 1608; x_wconf 90' lang='lat' dir='ltr'>erectis</span> <span class='ocrx_word' id='word_1_128' title='bbox 1814 1570 1876 1609; x_wconf 83' lang='lat' dir='ltr'>vel</span> 
     </span>
     <span class='ocr_line' id='line_1_20' title="bbox 306 1618 1880 1671; baseline 0.002 -13"><span class='ocrx_word' id='word_1_129' title='bbox 306 1618 642 1667; x_wconf 82' lang='lat' dir='ltr'>ascendentibus,</span> <span class='ocrx_word' id='word_1_130' title='bbox 664 1618 770 1660; x_wconf 80' lang='lat' dir='ltr'>foliis</span> <span class='ocrx_word' id='word_1_131' title='bbox 789 1618 947 1671; x_wconf 85' lang='lat' dir='ltr'>glabris</span> <span class='ocrx_word' id='word_1_132' title='bbox 966 1618 1224 1671; x_wconf 88' lang='lat' dir='ltr'>simplicibus</span> <span class='ocrx_word' id='word_1_133' title='bbox 1244 1619 1309 1659; x_wconf 92' lang='lat' dir='ltr'>vel</span> <span class='ocrx_word' id='word_1_134' title='bbox 1330 1618 1584 1660; x_wconf 87' lang='lat' dir='ltr'>trifoliolatis</span> <span class='ocrx_word' id='word_1_135' title='bbox 1614 1619 1762 1661; x_wconf 83' lang='lat' dir='ltr'>foliolis</span> <span class='ocrx_word' id='word_1_136' title='bbox 1790 1620 1880 1662; x_wconf 89' lang='lat' dir='ltr'>lan-</span> 
     </span>
     <span class='ocr_line' id='line_1_21' title="bbox 305 1671 1876 1723; baseline 0.003 -12"><span class='ocrx_word' id='word_1_137' title='bbox 305 1671 475 1712; x_wconf 87' lang='lat' dir='ltr'>ceolatis</span> <span class='ocrx_word' id='word_1_138' title='bbox 495 1672 683 1723; x_wconf 81' lang='lat' dir='ltr'>oblongis</span> <span class='ocrx_word' id='word_1_139' title='bbox 704 1673 902 1719; x_wconf 88' lang='lat' dir='ltr'>ovatisve,</span> <span class='ocrx_word' id='word_1_140' title='bbox 925 1671 1101 1713; x_wconf 83' lang='lat' dir='ltr'>racemis</span> <span class='ocrx_word' id='word_1_141' title='bbox 1121 1671 1329 1723; x_wconf 85' lang='lat' dir='ltr'>elongatis</span> <span class='ocrx_word' id='word_1_142' title='bbox 1354 1671 1473 1721; x_wconf 85' lang='lat' dir='ltr'>laxis,</span> <span class='ocrx_word' id='word_1_143' title='bbox 1495 1671 1667 1713; x_wconf 86' lang='lat' dir='ltr'>fioribus</span> <span class='ocrx_word' id='word_1_144' title='bbox 1687 1673 1876 1723; x_wconf 90' lang='lat' dir='ltr'>minutis,</span> 
     </span>
     <span class='ocr_line' id='line_1_22' title="bbox 307 1723 1879 1779; baseline 0.002 -15"><span class='ocrx_word' id='word_1_145' title='bbox 307 1723 446 1777; x_wconf 87' lang='lat' dir='ltr'>calyce</span> <span class='ocrx_word' id='word_1_146' title='bbox 465 1724 727 1776; x_wconf 84' lang='lat' dir='ltr'>longitudine</span> <span class='ocrx_word' id='word_1_147' title='bbox 756 1724 978 1765; x_wconf 69' lang='lat' dir='ltr'>articulum</span> <span class='ocrx_word' id='word_1_148' title='bbox 1000 1724 1221 1776; x_wconf 90' lang='lat' dir='ltr'>leguminis</span> <span class='ocrx_word' id='word_1_149' title='bbox 1242 1724 1432 1765; x_wconf 90' lang='lat' dir='ltr'>infimum</span> <span class='ocrx_word' id='word_1_150' title='bbox 1451 1725 1741 1777; x_wconf 84' lang='lat' dir='ltr'>subaequante‚</span> <span class='ocrx_word' id='word_1_151' title='bbox 1764 1727 1879 1779; x_wconf 86' lang='lat' dir='ltr'>legu-</span> 
     </span>
     <span class='ocr_line' id='line_1_23' title="bbox 305 1776 1879 1830; baseline 0.002 -13"><span class='ocrx_word' id='word_1_152' title='bbox 305 1776 415 1817; x_wconf 88' lang='lat' dir='ltr'>mine</span> <span class='ocrx_word' id='word_1_153' title='bbox 434 1776 590 1818; x_wconf 85' lang='lat' dir='ltr'>hirtulo</span> <span class='ocrx_word' id='word_1_154' title='bbox 616 1777 1079 1829; x_wconf 86' lang='lat' dir='ltr'>tereti-subcompresso</span> <span class='ocrx_word' id='word_1_155' title='bbox 1104 1777 1216 1818; x_wconf 89' lang='lat' dir='ltr'>inter</span> <span class='ocrx_word' id='word_1_156' title='bbox 1241 1777 1440 1818; x_wconf 87' lang='lat' dir='ltr'>articulos</span> <span class='ocrx_word' id='word_1_157' title='bbox 1467 1777 1696 1830; x_wconf 86' lang='lat' dir='ltr'>quadratos</span> <span class='ocrx_word' id='word_1_158' title='bbox 1725 1780 1879 1820; x_wconf 89' lang='lat' dir='ltr'>reticu-</span> 
     </span>
     <span class='ocr_line' id='line_1_24' title="bbox 306 1829 1214 1883; baseline 0.001 -14"><span class='ocrx_word' id='word_1_159' title='bbox 306 1829 606 1871; x_wconf 88' lang='lat' dir='ltr'>lato-nervosos</span> <span class='ocrx_word' id='word_1_160' title='bbox 626 1842 709 1871; x_wconf 90' lang='lat' dir='ltr'>non</span> <span class='ocrx_word' id='word_1_161' title='bbox 728 1830 995 1883; x_wconf 83' lang='lat' dir='ltr'>strangulato</span> <span class='ocrx_word' id='word_1_162' title='bbox 1016 1832 1064 1879; x_wconf 70' lang='grc' dir='ltr'>Θ</span> <span class='ocrx_word' id='word_1_163' title='bbox 1085 1833 1129 1871; x_wconf 93' lang='lat' dir='ltr'>et</span> <span class='ocrx_word' id='word_1_164' title='bbox 1155 1833 1214 1876; x_wconf 62' lang='grc' dir='ltr'>ΩΙ.</span> 
     </span>
    </p>
   </div>
   <div class='ocr_carea' id='block_1_8' title="bbox 363 1900 1725 2010">
    <p class='ocr_par' dir='ltr' id='par_1_10' title="bbox 363 1900 1725 2010">
     <span class='ocr_line' id='line_1_25' title="bbox 363 1900 1013 1946; baseline 0 -11"><span class='ocrx_word' id='word_1_165' title='bbox 363 1901 454 1936; x_wconf 90' lang='lat' dir='ltr'>Hab.</span> <span class='ocrx_word' id='word_1_166' title='bbox 470 1902 505 1935; x_wconf 90' lang='lat' dir='ltr'>in</span> <span class='ocrx_word' id='word_1_167' title='bbox 520 1900 716 1946; x_wconf 69' lang='lat' dir='ltr'>Affghania</span> <span class='ocrx_word' id='word_1_168' title='bbox 735 1900 853 1946; x_wconf 82' lang='lat' dir='ltr'>(Griff.</span> <span class='ocrx_word' id='word_1_169' title='bbox 877 1903 965 1936; x_wconf 87' lang='lat'>1173</span> <span class='ocrx_word' id='word_1_170' title='bbox 978 1902 1013 1946; x_wconf 88' lang='grc' dir='ltr'>Ι).</span> 
     </span>
     <span class='ocr_line' id='line_1_26' title="bbox 364 1965 1725 2010; baseline 0.001 -11"><span class='ocrx_word' id='word_1_171' title='bbox 364 1965 431 1999; x_wconf 82' lang='lat' dir='ltr'>Ar.</span> <span class='ocrx_word' id='word_1_172' title='bbox 451 1965 593 2008; x_wconf 77' lang='lat' dir='ltr'>Googr.</span> <span class='ocrx_word' id='word_1_173' title='bbox 616 1967 714 2010; x_wconf 89' lang='lat' dir='ltr'>Asia,</span> <span class='ocrx_word' id='word_1_174' title='bbox 732 1966 836 2001; x_wconf 88' lang='lat' dir='ltr'>Nova</span> <span class='ocrx_word' id='word_1_175' title='bbox 855 1966 1055 2001; x_wconf 87' lang='lat' dir='ltr'>Hollandia</span> <span class='ocrx_word' id='word_1_176' title='bbox 1074 1972 1110 2001; x_wconf 91' lang='lat' dir='ltr'>et</span> <span class='ocrx_word' id='word_1_177' title='bbox 1131 1966 1257 2001; x_wconf 84' lang='lat' dir='ltr'>Africa</span> <span class='ocrx_word' id='word_1_178' title='bbox 1277 1967 1313 2000; x_wconf 93' lang='lat' dir='ltr'>in</span> <span class='ocrx_word' id='word_1_179' title='bbox 1335 1966 1543 2010; x_wconf 85' lang='lat' dir='ltr'>regionibus</span> <span class='ocrx_word' id='word_1_180' title='bbox 1563 1967 1725 2010; x_wconf 88' lang='lat' dir='ltr'>tropicis.</span> 
     </span>
    </p>
   </div>
   <div class='ocr_carea' id='block_1_9' title="bbox 459 2163 1614 2231">
    <p class='ocr_par' dir='ltr' id='par_1_11' title="bbox 459 2163 1614 2231">
     <span class='ocr_line' id='line_1_27' title="bbox 459 2163 1614 2231; baseline 0.001 -19"><span class='ocrx_word' id='word_1_181' title='bbox 459 2163 788 2213; x_wconf 80' lang='lat' dir='ltr'><strong>LESPEDEZA</strong></span> <span class='ocrx_word' id='word_1_182' title='bbox 825 2163 979 2231; x_wconf 82' lang='lat' dir='ltr'>(Mioh.</span> <span class='ocrx_word' id='word_1_183' title='bbox 1007 2164 1075 2213; x_wconf 81' lang='lat' dir='ltr'>Pl.</span> <span class='ocrx_word' id='word_1_184' title='bbox 1102 2163 1391 2225; x_wconf 63' lang='lat' dir='ltr'>Bon-Amen,</span> <span class='ocrx_word' id='word_1_185' title='bbox 1418 2164 1480 2225; x_wconf 93' lang='lat' dir='ltr'>II,</span> <span class='ocrx_word' id='word_1_186' title='bbox 1510 2164 1614 2228; x_wconf 92' lang='grc'>70).</span> 
     </span>
    </p>
   </div>
   <div class='ocr_carea' id='block_1_10' title="bbox 301 2314 1879 2724">
    <p class='ocr_par' dir='ltr' id='par_1_12' title="bbox 301 2314 1879 2724">
     <span class='ocr_line' id='line_1_28' title="bbox 354 2314 1874 2368; baseline 0.001 -13"><span class='ocrx_word' id='word_1_187' title='bbox 354 2314 483 2367; x_wconf 88' lang='lat' dir='ltr'>Calyx</span> <span class='ocrx_word' id='word_1_188' title='bbox 503 2315 823 2367; x_wconf 84' lang='lat' dir='ltr'>campanulatus</span> <span class='ocrx_word' id='word_1_189' title='bbox 842 2315 1049 2368; x_wconf 83' lang='lat' dir='ltr'>profunde</span> <span class='ocrx_word' id='word_1_190' title='bbox 1069 2315 1471 2368; x_wconf 88' lang='lat' dir='ltr'>quinquedentatus.</span> <span class='ocrx_word' id='word_1_191' title='bbox 1501 2315 1668 2356; x_wconf 86' lang='lat' dir='ltr'>Corolla</span> <span class='ocrx_word' id='word_1_192' title='bbox 1694 2320 1874 2363; x_wconf 80' lang='lat' dir='ltr'>exserta,</span> 
     </span>
     <span class='ocr_line' id='line_1_29' title="bbox 302 2367 1879 2421; baseline 0.001 -14"><span class='ocrx_word' id='word_1_193' title='bbox 302 2367 496 2416; x_wconf 82' lang='lat' dir='ltr'>vexillum</span> <span class='ocrx_word' id='word_1_194' title='bbox 517 2367 739 2409; x_wconf 85' lang='lat' dir='ltr'>obovatum</span> <span class='ocrx_word' id='word_1_195' title='bbox 761 2368 825 2409; x_wconf 93' lang='lat' dir='ltr'>vel</span> <span class='ocrx_word' id='word_1_196' title='bbox 846 2368 1072 2421; x_wconf 87' lang='lat' dir='ltr'>oblongum</span> <span class='ocrx_word' id='word_1_197' title='bbox 1092 2369 1133 2409; x_wconf 90' lang='lat' dir='ltr'>in</span> <span class='ocrx_word' id='word_1_198' title='bbox 1163 2380 1347 2420; x_wconf 89' lang='lat' dir='ltr'>unguem</span> <span class='ocrx_word' id='word_1_199' title='bbox 1376 2371 1667 2419; x_wconf 81' lang='lat' dir='ltr'>angustatum,</span> <span class='ocrx_word' id='word_1_200' title='bbox 1696 2368 1772 2410; x_wconf 87' lang='lat' dir='ltr'>alae</span> <span class='ocrx_word' id='word_1_201' title='bbox 1802 2367 1879 2409; x_wconf 86' lang='lat' dir='ltr'>fal-</span> 
     </span>
     <span class='ocr_line' id='line_1_30' title="bbox 305 2417 1878 2472; baseline 0.001 -12"><span class='ocrx_word' id='word_1_202' title='bbox 305 2420 609 2472; x_wconf 81' lang='lat' dir='ltr'>cato-oblongae</span> <span class='ocrx_word' id='word_1_203' title='bbox 625 2420 782 2462; x_wconf 82' lang='lat' dir='ltr'>liberae.</span> <span class='ocrx_word' id='word_1_204' title='bbox 805 2419 978 2462; x_wconf 86' lang='lat' dir='ltr'>Stamen</span> <span class='ocrx_word' id='word_1_205' title='bbox 998 2421 1196 2462; x_wconf 88' lang='lat' dir='ltr'>vexillare</span> <span class='ocrx_word' id='word_1_206' title='bbox 1215 2421 1409 2462; x_wconf 89' lang='lat' dir='ltr'>liberum.</span> <span class='ocrx_word' id='word_1_207' title='bbox 1433 2417 1633 2463; x_wconf 87' lang='lat' dir='ltr'>Ovarium</span> <span class='ocrx_word' id='word_1_208' title='bbox 1653 2421 1798 2463; x_wconf 87' lang='lat' dir='ltr'>sessile</span> <span class='ocrx_word' id='word_1_209' title='bbox 1813 2422 1878 2463; x_wconf 89' lang='lat' dir='ltr'>vel</span> 
     </span>
     <span class='ocr_line' id='line_1_31' title="bbox 301 2473 1874 2526; baseline 0.001 -13"><span class='ocrx_word' id='word_1_210' title='bbox 301 2473 539 2525; x_wconf 85' lang='lat' dir='ltr'>stipitatum</span> <span class='ocrx_word' id='word_1_211' title='bbox 558 2473 862 2523; x_wconf 88' lang='lat' dir='ltr'>uniovulatum,</span> <span class='ocrx_word' id='word_1_212' title='bbox 883 2474 1016 2526; x_wconf 78' lang='lat' dir='ltr'>stylus</span> <span class='ocrx_word' id='word_1_213' title='bbox 1031 2474 1234 2515; x_wconf 89' lang='lat' dir='ltr'>filiformis</span> <span class='ocrx_word' id='word_1_214' title='bbox 1249 2475 1460 2522; x_wconf 77' lang='lat' dir='ltr'>incurvuS,</span> <span class='ocrx_word' id='word_1_215' title='bbox 1478 2475 1634 2526; x_wconf 83' lang='lat' dir='ltr'>stigma</span> <span class='ocrx_word' id='word_1_216' title='bbox 1649 2474 1874 2515; x_wconf 88' lang='lat' dir='ltr'>minutum.</span> 
     </span>
     <span class='ocr_line' id='line_1_32' title="bbox 303 2525 1876 2579; baseline 0.001 -13"><span class='ocrx_word' id='word_1_217' title='bbox 303 2525 515 2577; x_wconf 87' lang='lat' dir='ltr'>Legumen</span> <span class='ocrx_word' id='word_1_218' title='bbox 534 2526 901 2578; x_wconf 85' lang='lat' dir='ltr'>ovato-oblongum</span> <span class='ocrx_word' id='word_1_219' title='bbox 915 2527 1344 2579; x_wconf 88' lang='lat' dir='ltr'>plano-compressum</span> <span class='ocrx_word' id='word_1_220' title='bbox 1358 2526 1636 2568; x_wconf 88' lang='lat' dir='ltr'>indehiscens.</span> <span class='ocrx_word' id='word_1_221' title='bbox 1654 2550 1707 2555; x_wconf 94' lang='lat'>—</span> <span class='ocrx_word' id='word_1_222' title='bbox 1723 2526 1876 2568; x_wconf 88' lang='lat' dir='ltr'>Herbae</span> 
     </span>
     <span class='ocr_line' id='line_1_33' title="bbox 304 2577 1873 2640; baseline 0.002 -23"><span class='ocrx_word' id='word_1_223' title='bbox 304 2578 365 2618; x_wconf 90' lang='lat' dir='ltr'>vel</span> <span class='ocrx_word' id='word_1_224' title='bbox 401 2577 638 2620; x_wconf 87' lang='lat' dir='ltr'>suffrutices</span> <span class='ocrx_word' id='word_1_225' title='bbox 676 2577 782 2620; x_wconf 88' lang='lat' dir='ltr'>foliis</span> <span class='ocrx_word' id='word_1_226' title='bbox 820 2579 1093 2631; x_wconf 88' lang='lat' dir='ltr'>exstipellatis</span> <span class='ocrx_word' id='word_1_227' title='bbox 1132 2579 1386 2621; x_wconf 84' lang='lat' dir='ltr'>trifoliolatis</span> <span class='ocrx_word' id='word_1_228' title='bbox 1426 2581 1562 2621; x_wconf 83' lang='lat' dir='ltr'>rarius</span> <span class='ocrx_word' id='word_1_229' title='bbox 1601 2579 1873 2640; x_wconf 89' lang='lat' dir='ltr'>simplicibus,</span> 
     </span>
     <span class='ocr_line' id='line_1_34' title="bbox 303 2630 1877 2723; baseline 0.002 -52"><span class='ocrx_word' id='word_1_230' title='bbox 303 2630 473 2723; x_wconf 75' lang='lat' dir='ltr'>dorlibus</span> <span class='ocrx_word' id='word_1_231' title='bbox 493 2631 559 2673; x_wconf 91' lang='lat' dir='ltr'>vel</span> <span class='ocrx_word' id='word_1_232' title='bbox 579 2631 872 2673; x_wconf 88' lang='lat' dir='ltr'>subsessilibus</span> <span class='ocrx_word' id='word_1_233' title='bbox 892 2632 934 2673; x_wconf 92' lang='lat' dir='ltr'>in</span> <span class='ocrx_word' id='word_1_234' title='bbox 961 2632 1095 2673; x_wconf 85' lang='lat' dir='ltr'>axillis</span> <span class='ocrx_word' id='word_1_235' title='bbox 1120 2631 1376 2673; x_wconf 85' lang='lat' dir='ltr'>fasciculatis</span> <span class='ocrx_word' id='word_1_236' title='bbox 1400 2632 1466 2673; x_wconf 89' lang='lat' dir='ltr'>vel</span> <span class='ocrx_word' id='word_1_237' title='bbox 1494 2643 1734 2682; x_wconf 81' lang='lat' dir='ltr'>racemosis,</span> <span class='ocrx_word' id='word_1_238' title='bbox 1756 2632 1877 2674; x_wconf 87' lang='lat' dir='ltr'>brac-</span> 
     </span>
     <span class='ocr_line' id='line_1_35' title="bbox 303 2684 484 2724; baseline 0.006 -1"><span class='ocrx_word' id='word_1_239' title='bbox 303 2690 370 2724; x_wconf 81' lang='lat' dir='ltr'>teo</span> <span class='ocrx_word' id='word_1_240' title='bbox 389 2684 484 2724; x_wconf 86' lang='lat' dir='ltr'>atis.</span> 
     </span>
    </p>
   </div>
   <div class='ocr_carea' id='block_1_11' title="bbox 300 2804 1876 3012">
    <p class='ocr_par' dir='ltr' id='par_1_13' title="bbox 300 2804 1876 3012">
     <span class='ocr_line' id='line_1_36' title="bbox 357 2804 1876 2858; baseline 0.002 -15"><span class='ocrx_word' id='word_1_241' title='bbox 357 2804 411 2844; x_wconf 88' lang='lat' dir='ltr'>L.</span> <span class='ocrx_word' id='word_1_242' title='bbox 452 2804 660 2844; x_wconf 83' lang='lat' dir='ltr'>sericea</span> <span class='ocrx_word' id='word_1_243' title='bbox 698 2804 818 2857; x_wconf 84' lang='lat' dir='ltr'>(Miq.</span> <span class='ocrx_word' id='word_1_244' title='bbox 858 2805 966 2846; x_wconf 85' lang='lat' dir='ltr'>Ann.</span> <span class='ocrx_word' id='word_1_245' title='bbox 1007 2804 1118 2846; x_wconf 92' lang='lat' dir='ltr'>Mus.</span> <span class='ocrx_word' id='word_1_246' title='bbox 1158 2804 1314 2858; x_wconf 88' lang='lat' dir='ltr'>Lugd.‚</span> <span class='ocrx_word' id='word_1_247' title='bbox 1355 2805 1431 2853; x_wconf 92' lang='lat' dir='ltr'>III,</span> <span class='ocrx_word' id='word_1_248' title='bbox 1468 2805 1538 2857; x_wconf 85' lang='lat'>49)</span> <span class='ocrx_word' id='word_1_249' title='bbox 1576 2804 1876 2847; x_wconf 86' lang='lat' dir='ltr'>suffrutescens</span> 
     </span>
     <span class='ocr_line' id='line_1_37' title="bbox 300 2855 1876 2911; baseline 0.001 -15"><span class='ocrx_word' id='word_1_250' title='bbox 300 2855 498 2907; x_wconf 90' lang='lat' dir='ltr'>adpresse</span> <span class='ocrx_word' id='word_1_251' title='bbox 525 2868 748 2898; x_wconf 90' lang='lat' dir='ltr'>canescens</span> <span class='ocrx_word' id='word_1_252' title='bbox 774 2858 964 2899; x_wconf 84' lang='lat' dir='ltr'>siccitate</span> <span class='ocrx_word' id='word_1_253' title='bbox 992 2858 1218 2909; x_wconf 85' lang='lat' dir='ltr'>nigricans,</span> <span class='ocrx_word' id='word_1_254' title='bbox 1250 2858 1378 2899; x_wconf 84' lang='lat' dir='ltr'>ramis</span> <span class='ocrx_word' id='word_1_255' title='bbox 1410 2858 1547 2909; x_wconf 89' lang='lat' dir='ltr'>longis</span> <span class='ocrx_word' id='word_1_256' title='bbox 1581 2858 1756 2911; x_wconf 83' lang='lat' dir='ltr'>virgatis</span> <span class='ocrx_word' id='word_1_257' title='bbox 1789 2869 1876 2898; x_wconf 89' lang='lat' dir='ltr'>cre-</span> 
     </span>
     <span class='ocr_line' id='line_1_38' title="bbox 301 2907 1875 2963; baseline 0.001 -14"><span class='ocrx_word' id='word_1_258' title='bbox 301 2908 374 2949; x_wconf 91' lang='lat' dir='ltr'>bre</span> <span class='ocrx_word' id='word_1_259' title='bbox 394 2907 563 2957; x_wconf 86' lang='lat' dir='ltr'>foliatis,</span> <span class='ocrx_word' id='word_1_260' title='bbox 586 2908 693 2950; x_wconf 88' lang='lat' dir='ltr'>foliis</span> <span class='ocrx_word' id='word_1_261' title='bbox 713 2909 956 2951; x_wconf 87' lang='lat' dir='ltr'>brevissime</span> <span class='ocrx_word' id='word_1_262' title='bbox 975 2910 1187 2962; x_wconf 87' lang='lat' dir='ltr'>petiolatis</span> <span class='ocrx_word' id='word_1_263' title='bbox 1207 2910 1357 2951; x_wconf 87' lang='lat' dir='ltr'>foliolis</span> <span class='ocrx_word' id='word_1_264' title='bbox 1377 2910 1716 2962; x_wconf 86' lang='lat' dir='ltr'>subpetiolulatis</span> <span class='ocrx_word' id='word_1_265' title='bbox 1735 2911 1875 2963; x_wconf 87' lang='lat' dir='ltr'>parvis</span> 
     </span>
     <span class='ocr_line' id='line_1_39' title="bbox 300 2961 1874 3012; baseline 0.002 -11"><span class='ocrx_word' id='word_1_266' title='bbox 300 2961 497 3002; x_wconf 85' lang='lat' dir='ltr'>coriaceis</span> <span class='ocrx_word' id='word_1_267' title='bbox 525 2961 881 3003; x_wconf 87' lang='lat' dir='ltr'>lineari-cuneatis</span> <span class='ocrx_word' id='word_1_268' title='bbox 906 2962 1067 3004; x_wconf 92' lang='lat' dir='ltr'>obtusis</span> <span class='ocrx_word' id='word_1_269' title='bbox 1087 2963 1151 3004; x_wconf 89' lang='lat' dir='ltr'>vel</span> <span class='ocrx_word' id='word_1_270' title='bbox 1172 2964 1393 3012; x_wconf 85' lang='lat' dir='ltr'>truncatis,</span> <span class='ocrx_word' id='word_1_271' title='bbox 1421 2962 1594 3004; x_wconf 87' lang='lat' dir='ltr'>floribus</span> <span class='ocrx_word' id='word_1_272' title='bbox 1620 2963 1792 3004; x_wconf 86' lang='lat' dir='ltr'>minutis</span> <span class='ocrx_word' id='word_1_273' title='bbox 1820 2962 1874 3003; x_wconf 89' lang='lat' dir='ltr'>ad</span> 
     </span>
    </p>
   </div>
   <div class='ocr_carea' id='block_1_12' title="bbox 1641 3030 1685 3067">
    <p class='ocr_par' dir='ltr' id='par_1_14' title="bbox 1641 3030 1685 3067">
     <span class='ocr_line' id='line_1_40' title="bbox 1641 3030 1685 3067; baseline 0 0"><span class='ocrx_word' id='word_1_274' title='bbox 1641 3030 1685 3067; x_wconf 77' lang='lat'>13</span> 
     </span>
    </p>
   </div>
  </div>
 </body>
</html>
