2094 3351
211 220 281 256 296
949 235 1176 262 couposnuss.
1707 227 1860 263 Achillea
1873 257 1882 265 .

210 302 281 335 Peg.

210 369 301 412 276,
336 367 396 406 A.
417 367 714 408 umbellata
738 381 746 408 :

368 456 405 507 β.
438 454 576 508 major
604 467 653 496 ex
683 455 734 496 cl.
770 455 956 497 Heimerl
984 456 1142 498 Ptarm.
1171 470 1212 510 p.
1244 461 1309 505 44,
1343 458 1430 499 tab.
1454 461 1491 507 3,
1515 458 1585 511 fig.
1613 462 1647 506 l,
1671 471 1720 500 ex
1745 463 1888 500 monte

317 506 492 559 Kyllene
529 511 593 549 est
628 507 762 549 forma
799 508 977 562 hybrida
1013 523 1020 550 :
1058 510 1111 551 A.
1152 510 1380 552 umbellam
1413 516 1466 558 ><
1497 510 1782 564 qrandijoha.
1822 512 1887 553 Au

315 560 459 600 recte?

365 647 402 690 73
434 630 732 691 monoceplqala
769 631 935 691 (Heldr.
977 644 1026 673 ex
1066 632 1202 674 Heim.
1237 633 1314 674 loc.
1353 634 1461 685 cit.).
1496 657 1548 662 —
1575 633 1807 692 Corymbus
1834 634 1888 675 ad

313 683 543 777 {sgirggikilleudm
588 696 756 725 unicum
801 685 1079 737 majusculum
1123 686 1337 727 reductus.
1377 710 1430 715 —
1464 687 1517 728 A.
1562 686 1695 728 lelz'z'
1739 686 1884 728 Heldr.

372 807 464 842 Hab.
485 808 521 841 in
539 808 788 852 Peloponneso
809 809 903 844 inter
923 809 1187 854 Megaspilaeon
1208 816 1244 845 et
1260 811 1406 856 Stygem
1429 811 1487 854 (cl.
1509 811 1635 846 Stuart
1651 811 1775 855 Milll).

204 943 296 982 276.
328 944 424 992 post
444 941 504 981 A.
527 942 886 982 umbellatam
906 943 1042 984 insere
1065 956 1073 983 :

363 1028 422 1066 A.
448 1029 731 1068 moschata
753 1028 901 1077 (Wulf.
925 1029 967 1069 in
988 1028 1108 1082 Jacq.
1140 1029 1202 1070 Fl.
1237 1030 1380 1071 Austr.
1409 1030 1516 1082 App.
1539 1043 1581 1082 p.
1612 1033 1677 1078 45,
1709 1030 1795 1071 tab.
1819 1030 1887 1081 33)

312 1079 460 1139 glabra
480 1080 545 1140 vel
563 1092 692 1173 parce
742 1081 918 1122 uberula
938 1083 1161 1134 caespitosa
1179 1082 1362 1131 humilis,
1387 1082 1493 1124 foliis
1514 1083 1677 1124 ambitu
1697 1083 1886 1135 oblongis

310 1145 352 1172 in
373 1133 544 1174 lacinias
579 1144 682 1175 ance
729 1135 998 1176 ato-lineares
1017 1135 1204 1177 breviter
1223 1140 1491 1176 mucronatas
1506 1135 1704 1176 indivisas
1721 1135 1784 1177 vel
1798 1137 1888 1176 uni-

311 1185 508 1227 dentatas
530 1187 685 1239 pectin.
702 1187 778 1227 tim
801 1188 999 1239 pinnatis,
1023 1188 1197 1229 caulinis
1218 1188 1445 1237 sessilibus,
1469 1188 1666 1240 corymbo
1693 1189 1885 1241 simplici,

311 1238 451 1290 ligulis
472 1239 577 1280 albis
598 1239 1044 1281 obovato-orbiculatis
1065 1241 1267 1282 involucri
1286 1241 1549 1293 longitudine
1571 1245 1629 1288 Ql.

362 1312 400 1369 ⁴3:
435 1309 657 1369 Olympica·
675 1310 883 1362 (Heimerl
902 1310 1064 1352 Ptarm.
1082 1324 1123 1364 p.
1148 1312 1232 1359 33).
1251 1335 1301 1340 —
1322 1311 1439 1352 Folia
1458 1311 1624 1352 caulina
1644 1312 1888 1364 plerumque

309 1362 527 1456 ἕῧῖἒῗὲῗιῆ,
552 1363 682 1403 caulis
703 1375 884 1415 superne
910 1374 1005 1404 cum
1029 1364 1275 1416 pedunculis
1302 1369 1345 1406 et
1373 1364 1586 1405 involucro
1618 1364 1745 1406 dense
1772 1365 1888 1417 glan-

323 1487 679 1579 (NHab·.g9)Sax⁰Si3
699 1487 746 1522 ad
772 1489 872 1523 nives
900 1489 1032 1523 montis
1063 1488 1207 1533 Olympi
1236 1489 1436 1524 Thessaliae
1467 1489 1607 1533 (Heldr.
1637 1500 1681 1524 ex
1711 1489 1887 1526 Heimerl)

373 1546 419 1569 on
441 1546 474 1569 vi
504 1546 514 1568 1
535 1562 542 1568 .

368 1599 425 1633 Ex
448 1598 542 1633 binis
570 1598 825 1642 speciminibus
850 1598 1080 1642 incompletis
1109 1604 1251 1634 tantum
1278 1605 1365 1634 nota
1389 1606 1425 1635 et
1450 1600 1604 1635 ulterius
1623 1599 1886 1644 investiganda,

322 1657 403 1680 nam
424 1656 511 1680 area
537 1646 784 1690 geographica
804 1646 850 1680 A.
871 1647 1064 1681 moschatae
1081 1647 1269 1691 hucusque
1295 1658 1420 1682 versus
1440 1647 1625 1683 Orientem
1647 1652 1682 1682 et
1702 1646 1887 1682 meridiem

322 1693 420 1727 ultra.
439 1694 595 1738 Styriam
618 1698 653 1727 et
670 1694 979 1728 Transsilvaniam
999 1705 1070 1728 non
1090 1694 1334 1738 progreditur.

360 1836 417 1875 A.
453 1836 775 1885 Barbeyana
810 1834 1015 1886 (Heimerl
1048 1835 1209 1876 Ptarm.
1240 1848 1281 1888 p.
1312 1839 1378 1884 49,
1401 1836 1489 1877 tab.
1519 1839 1558 1884 2,
1578 1835 1650 1888 fig.
1685 1835 1727 1887 2)
1761 1835 1889 1876 dense

309 1888 529 1939 caespitosa
555 1888 754 1940 adpresse
773 1888 1096 1930 sericeo-villosa
1116 1888 1265 1938 nitida,
1288 1888 1395 1930 foliis
1416 1888 1681 1930 inferioribus
1708 1892 1750 1929 et
1778 1887 1889 1929 radi-

309 1941 469 1982 calibus
490 1940 653 1981 ambitu
672 1941 916 1982 lanceolatis
944 1942 987 1982 in
1019 1941 1190 1983 lacinias
1222 1942 1654 1983 lanceolato-iineares
1685 1946 1888 1993 angustas

309 1998 457 2035 acutas
495 1994 684 2043 integras
729 1995 1041 2046 approximatas
1084 1994 1330 2047 pectinatim
1370 1995 1726 2047 pinnatipartitis,
1767 2005 1888 2046 supe-

307 2047 486 2088 rioribus
514 2043 636 2088 valde
662 2046 878 2088 diminutis
909 2048 1080 2088 remotis
1110 2048 1285 2099 integris
1318 2048 1560 2096 lineaiibus,
1594 2047 1787 2100 capitulis
1819 2051 1887 2088 4-7

306 2100 551 2141 brevissime
570 2100 783 2152 petiolatis
804 2101 845 2141 in
874 2100 1118 2152 corymbum
1149 2100 1324 2141 densum
1351 2100 1564 2149 confertis,
1585 2100 1787 2140 involucri
1816 2099 1889 2140 vil-

306 2153 382 2194 losi
402 2152 554 2205 phyllis
576 2153 980 2205 nigro-marginatis,
998 2153 1137 2204 ligulis
1158 2153 1263 2194 albis
1285 2157 1524 2195 transverse
1539 2152 1758 2193 latioribus
1776 2153 1888 2193 invo-

307 2206 688 2301 lucjlssoaeqlfflongis
716 2210 774 2253 Qi.
797 2206 850 2247 A.
875 2206 1174 2248 Boissz'eriana
1194 2206 1342 2247 Heldr.
1364 2206 1466 2247 Mss.
1487 2209 1587 2248 1879
1603 2217 1684 2246 non
1701 2205 1885 2246 Haussk.

306 2271 349 2300 ιιι
407 2270 503 2300 oiss.
576 2291 585 2299 .
648 2271 682 2299 r.

367 2330 461 2365 Hab.
482 2331 518 2365 in
537 2331 685 2375 regione
707 2331 833 2375 alpina.
852 2332 984 2366 montis
1007 2331 1133 2365 Korax
1153 2331 1305 2365 AEtoliae
1325 2333 1469 2365 ‹3-7700'
1489 2330 1676 2375 (Heldr.!).

368 2396 514 2440 Species
537 2395 685 2440 elegans
706 2395 799 2430 facie
821 2401 857 2430 et
876 2396 1152 2430 characteribus
1172 2395 1294 2430 affinis
1312 2396 1357 2430 A.
1379 2392 1488 2430 na'nae
1511 2405 1591 2439 quar
1613 2394 1734 2430 differt
1753 2395 1887 2429 villosi-

320 2448 398 2478 tate
415 2445 542 2487 opaca,
564 2442 733 2477 foliorum
754 2443 896 2477 laciniis
916 2443 1101 2487 bipartitis
1122 2448 1158 2478 et
1178 2442 1308 2487 bifidis,
1329 2443 1499 2488 corymbo
1520 2442 1774 2487 polycephalo.

203 2591 294 2630 277.
329 2588 388 2628 A.
418 2587 691 2628 multifida
722 2599 731 2626 :
763 2586 872 2627 hanc
899 2591 948 2627 ut
976 2590 1019 2628 et
1045 2587 1099 2628 A.
1132 2585 1384 2629 Clusianam
1416 2585 1583 2627 Tausch
1615 2585 1665 2627 cl.
1701 2585 1887 2627 Heimerl

309 2640 471 2682 Ptarm.
506 2653 548 2692 p.
583 2642 634 2681 28
668 2645 715 2680 ut
749 2640 990 2691 subspecies
1022 2639 1076 2680 A.
1111 2641 1267 2681 atratoe
1297 2639 1441 2680 habet.
1478 2638 1693 2690 Quisnam,
1730 2649 1884 2691 quaeso,

309 2694 468 2746 species
490 2696 533 2734 et
553 2692 794 2745 subspecies
814 2693 895 2733 rite
916 2692 1168 2745 distinguit?

202 2839 294 2885 277,
325 2839 422 2888 post
443 2836 502 2875 A.
525 2835 855 2875 multifidam
876 2835 1013 2876 insere
1035 2847 1044 2876 :

361 2923 419 2962 A.
443 2922 829 2963 abrotanoides
849 2921 954 2972 (Vis.
972 2921 1036 2962 Fl.
1055 2921 1193 2963 Dalm.
1211 2921 1244 2970 I,
1261 2933 1302 2973 p.
1325 2923 1391 2969 81,
1415 2920 1501 2962 tab.
1523 2920 1595 2969 IV,
1612 2920 1683 2961 fio.
1704 2922 1742 2968 1)
1760 2919 1887 2961 ebasi

308 2975 508 3016 indurata
528 2986 666 3016 ramos
686 2975 851 3016 steriles
872 2974 1039 3016 foliosos
1066 2974 1283 3026 elongatos
1303 2973 1527 3026 caulesque
1547 2953 1749 3014 floriferos
1771 2971 1887 3014 folia-
