<?xml version="1.0" encoding="UTF-8"?>
<!DOCTYPE html PUBLIC "-//W3C//DTD XHTML 1.0 Transitional//EN"
    "http://www.w3.org/TR/xhtml1/DTD/xhtml1-transitional.dtd">
<html xmlns="http://www.w3.org/1999/xhtml" xml:lang="en" lang="en">
 <head>
  <title>
</title>
<meta http-equiv="Content-Type" content="text/html;charset=utf-8" />
  <meta name='ocr-system' content='tesseract 3.04.00' />
  <meta name='ocr-capabilities' content='ocr_page ocr_carea ocr_par ocr_line ocrx_word'/>
</head>
<body>
  <div class='ocr_page' id='page_1' title='image "./floraorientaliss00bois_0138.png"; bbox 0 0 2094 3351; ppageno 0'>
   <div class='ocr_carea' id='block_1_1' title="bbox 236 226 282 262">
    <p class='ocr_par' dir='ltr' id='par_1_1' title="bbox 236 226 282 262">
     <span class='ocr_line' id='line_1_1' title="bbox 236 226 282 262; baseline 0 0"><span class='ocrx_word' id='word_1_1' title='bbox 236 226 282 262; x_wconf 85' lang='lat'>96</span> 
     </span>
    </p>
   </div>
   <div class='ocr_carea' id='block_1_2' title="bbox 235 2100 325 2145">
    <p class='ocr_par' dir='ltr' id='par_1_2' title="bbox 235 2100 325 2145">
     <span class='ocr_line' id='line_1_2' title="bbox 235 2100 325 2145; baseline 0 -7"><span class='ocrx_word' id='word_1_2' title='bbox 235 2100 325 2145; x_wconf 85' lang='lat'>602,</span> 
     </span>
    </p>
   </div>
   <div class='ocr_carea' id='block_1_3' title="bbox 236 2360 327 2406">
    <p class='ocr_par' dir='ltr' id='par_1_3' title="bbox 236 2360 327 2406">
     <span class='ocr_line' id='line_1_3' title="bbox 236 2360 327 2406; baseline 0 -7"><span class='ocrx_word' id='word_1_3' title='bbox 236 2360 327 2406; x_wconf 87' lang='grc'>603,</span> 
     </span>
    </p>
   </div>
   <div class='ocr_carea' id='block_1_4' title="bbox 235 2632 325 2679">
    <p class='ocr_par' dir='ltr' id='par_1_4' title="bbox 235 2632 325 2679">
     <span class='ocr_line' id='line_1_4' title="bbox 235 2632 325 2679; baseline -0.011 -7"><span class='ocrx_word' id='word_1_4' title='bbox 235 2632 325 2679; x_wconf 84' lang='grc'>605,</span> 
     </span>
    </p>
   </div>
   <div class='ocr_carea' id='block_1_5' title="bbox 235 2847 326 2893">
    <p class='ocr_par' dir='ltr' id='par_1_5' title="bbox 235 2847 326 2893">
     <span class='ocr_line' id='line_1_5' title="bbox 235 2847 326 2893; baseline 0 -7"><span class='ocrx_word' id='word_1_5' title='bbox 235 2847 326 2893; x_wconf 88' lang='grc'>606,</span> 
     </span>
    </p>
   </div>
   <div class='ocr_carea' id='block_1_6' title="bbox 983 224 1905 260">
    <p class='ocr_par' dir='ltr' id='par_1_6' title="bbox 983 224 1905 260">
     <span class='ocr_line' id='line_1_6' title="bbox 983 224 1905 260; baseline 0 -1"><span class='ocrx_word' id='word_1_6' title='bbox 983 236 1155 260; x_wconf 62' lang='lat' dir='ltr'>summ-2.</span> <span class='ocrx_word' id='word_1_7' title='bbox 1780 224 1905 260; x_wconf 77' lang='lat' dir='ltr'><strong><em>Silene.</em></strong></span> 
     </span>
    </p>
   </div>
   <div class='ocr_carea' id='block_1_7' title="bbox 340 355 1909 723">
    <p class='ocr_par' dir='ltr' id='par_1_7' title="bbox 340 355 1909 723">
     <span class='ocr_line' id='line_1_7' title="bbox 340 355 1907 408; baseline -0.001 -11"><span class='ocrx_word' id='word_1_8' title='bbox 340 355 442 397; x_wconf 90' lang='lat' dir='ltr'>flore</span> <span class='ocrx_word' id='word_1_9' title='bbox 466 356 801 408; x_wconf 87' lang='lat' dir='ltr'>sublongioribus</span> <span class='ocrx_word' id='word_1_10' title='bbox 828 355 1118 396; x_wconf 83' lang='lat' dir='ltr'>terminalibus</span> <span class='ocrx_word' id='word_1_11' title='bbox 1144 355 1418 404; x_wconf 87' lang='lat' dir='ltr'>brevioribus,</span> <span class='ocrx_word' id='word_1_12' title='bbox 1451 355 1634 396; x_wconf 82' lang='lat' dir='ltr'>bracteis</span> <span class='ocrx_word' id='word_1_13' title='bbox 1664 355 1907 396; x_wconf 87' lang='lat' dir='ltr'>brevissime</span> 
     </span>
     <span class='ocr_line' id='line_1_8' title="bbox 340 406 1908 460; baseline -0.001 -11"><span class='ocrx_word' id='word_1_14' title='bbox 340 409 583 450; x_wconf 90' lang='lat' dir='ltr'>lanceolatis</span> <span class='ocrx_word' id='word_1_15' title='bbox 617 409 750 449; x_wconf 90' lang='lat' dir='ltr'>acutis</span> <span class='ocrx_word' id='word_1_16' title='bbox 786 408 877 449; x_wconf 89' lang='lat' dir='ltr'>basi</span> <span class='ocrx_word' id='word_1_17' title='bbox 916 408 1122 448; x_wconf 85' lang='lat' dir='ltr'>albo-mar</span> <span class='ocrx_word' id='word_1_18' title='bbox 1153 408 1299 455; x_wconf 80' lang='lat' dir='ltr'>matis,</span> <span class='ocrx_word' id='word_1_19' title='bbox 1340 407 1480 460; x_wconf 79' lang='lat' dir='ltr'>calyce</span> <span class='ocrx_word' id='word_1_20' title='bbox 1516 406 1696 448; x_wconf 82' lang='lat' dir='ltr'>florifero</span> <span class='ocrx_word' id='word_1_21' title='bbox 1730 410 1908 459; x_wconf 85' lang='lat' dir='ltr'>anguste</span> 
     </span>
     <span class='ocr_line' id='line_1_9' title="bbox 342 459 1907 513; baseline -0.001 -11"><span class='ocrx_word' id='word_1_22' title='bbox 342 460 566 513; x_wconf 90' lang='lat' dir='ltr'>cylindrico</span> <span class='ocrx_word' id='word_1_23' title='bbox 586 462 696 502; x_wconf 89' lang='lat' dir='ltr'>inter</span> <span class='ocrx_word' id='word_1_24' title='bbox 716 466 852 501; x_wconf 90' lang='lat' dir='ltr'>costas</span> <span class='ocrx_word' id='word_1_25' title='bbox 873 460 1057 501; x_wconf 88' lang='lat' dir='ltr'>elevatas</span> <span class='ocrx_word' id='word_1_26' title='bbox 1085 472 1133 500; x_wconf 94' lang='lat' dir='ltr'>su</span> <span class='ocrx_word' id='word_1_27' title='bbox 1153 460 1416 500; x_wconf 90' lang='lat' dir='ltr'>cato-striato</span> <span class='ocrx_word' id='word_1_28' title='bbox 1447 459 1641 500; x_wconf 84' lang='lat' dir='ltr'>dentibus</span> <span class='ocrx_word' id='word_1_29' title='bbox 1665 459 1907 501; x_wconf 89' lang='lat' dir='ltr'>lanceolatis</span> 
     </span>
     <span class='ocr_line' id='line_1_10' title="bbox 342 512 1908 564; baseline -0.001 -10"><span class='ocrx_word' id='word_1_30' title='bbox 342 514 476 554; x_wconf 89' lang='lat' dir='ltr'>acutis</span> <span class='ocrx_word' id='word_1_31' title='bbox 506 514 669 561; x_wconf 91' lang='lat' dir='ltr'>ciliatis,</span> <span class='ocrx_word' id='word_1_32' title='bbox 702 512 916 554; x_wconf 88' lang='lat' dir='ltr'>fructifero</span> <span class='ocrx_word' id='word_1_33' title='bbox 949 513 1112 553; x_wconf 88' lang='lat' dir='ltr'>clavato</span> <span class='ocrx_word' id='word_1_34' title='bbox 1151 512 1259 553; x_wconf 85' lang='lat' dir='ltr'>infra</span> <span class='ocrx_word' id='word_1_35' title='bbox 1301 512 1513 564; x_wconf 86' lang='lat' dir='ltr'>capsulam</span> <span class='ocrx_word' id='word_1_36' title='bbox 1553 512 1776 564; x_wconf 83' lang='lat' dir='ltr'>oblongam</span> <span class='ocrx_word' id='word_1_37' title='bbox 1814 523 1908 553; x_wconf 91' lang='lat' dir='ltr'>con-</span> 
     </span>
     <span class='ocr_line' id='line_1_11' title="bbox 343 564 1908 618; baseline -0.001 -11"><span class='ocrx_word' id='word_1_38' title='bbox 343 567 504 615; x_wconf 88' lang='lat' dir='ltr'>stricto,</span> <span class='ocrx_word' id='word_1_39' title='bbox 518 566 668 618; x_wconf 85' lang='lat' dir='ltr'>petalis</span> <span class='ocrx_word' id='word_1_40' title='bbox 684 566 788 607; x_wconf 89' lang='lat' dir='ltr'>albis</span> <span class='ocrx_word' id='word_1_41' title='bbox 803 565 1063 606; x_wconf 87' lang='lat' dir='ltr'>divaricatim</span> <span class='ocrx_word' id='word_1_42' title='bbox 1077 565 1305 617; x_wconf 84' lang='lat' dir='ltr'>bipartitis,</span> <span class='ocrx_word' id='word_1_43' title='bbox 1320 576 1481 606; x_wconf 83' lang='lat' dir='ltr'>coronae</span> <span class='ocrx_word' id='word_1_44' title='bbox 1496 565 1654 605; x_wconf 91' lang='lat' dir='ltr'>laciniis</span> <span class='ocrx_word' id='word_1_45' title='bbox 1667 564 1908 605; x_wconf 87' lang='lat' dir='ltr'>lanceolatis</span> 
     </span>
     <span class='ocr_line' id='line_1_12' title="bbox 343 617 1909 670; baseline -0.001 -11"><span class='ocrx_word' id='word_1_46' title='bbox 343 619 492 665; x_wconf 84' lang='lat' dir='ltr'>acutis,</span> <span class='ocrx_word' id='word_1_47' title='bbox 518 618 774 670; x_wconf 82' lang='lat' dir='ltr'>carpophoro</span> <span class='ocrx_word' id='word_1_48' title='bbox 803 630 851 659; x_wconf 88' lang='lat' dir='ltr'>ca</span> <span class='ocrx_word' id='word_1_49' title='bbox 882 618 974 659; x_wconf 78' lang='lat' dir='ltr'>sula</span> <span class='ocrx_word' id='word_1_50' title='bbox 1002 617 1127 669; x_wconf 87' lang='lat' dir='ltr'>duplo</span> <span class='ocrx_word' id='word_1_51' title='bbox 1154 617 1358 665; x_wconf 86' lang='lat' dir='ltr'>breviore,</span> <span class='ocrx_word' id='word_1_52' title='bbox 1381 617 1607 658; x_wconf 89' lang='lat' dir='ltr'>seminibus</span> <span class='ocrx_word' id='word_1_53' title='bbox 1635 618 1774 670; x_wconf 90' lang='lat' dir='ltr'>parvis</span> <span class='ocrx_word' id='word_1_54' title='bbox 1800 628 1909 658; x_wconf 92' lang='lat' dir='ltr'>com-</span> 
     </span>
     <span class='ocr_line' id='line_1_13' title="bbox 341 670 1485 723; baseline -0.002 -11"><span class='ocrx_word' id='word_1_55' title='bbox 341 672 494 723; x_wconf 86' lang='lat' dir='ltr'>pressis</span> <span class='ocrx_word' id='word_1_56' title='bbox 515 672 700 712; x_wconf 87' lang='lat' dir='ltr'>seriatim</span> <span class='ocrx_word' id='word_1_57' title='bbox 722 683 854 721; x_wconf 78' lang='lat' dir='ltr'>granu</span> <span class='ocrx_word' id='word_1_58' title='bbox 874 671 954 710; x_wconf 87' lang='lat' dir='ltr'>atis</span> <span class='ocrx_word' id='word_1_59' title='bbox 976 670 1096 711; x_wconf 86' lang='lat' dir='ltr'>dorso</span> <span class='ocrx_word' id='word_1_60' title='bbox 1117 670 1405 711; x_wconf 88' lang='lat' dir='ltr'>canaliculatis</span> <span class='ocrx_word' id='word_1_61' title='bbox 1422 673 1485 718; x_wconf 70' lang='lat' dir='ltr'>Q).</span> 
     </span>
    </p>
   </div>
   <div class='ocr_carea' id='block_1_8' title="bbox 354 740 1909 879">
    <p class='ocr_par' dir='ltr' id='par_1_8' title="bbox 354 740 1909 879">
     <span class='ocr_line' id='line_1_14' title="bbox 401 740 1908 786; baseline 0 -10"><span class='ocrx_word' id='word_1_62' title='bbox 401 742 494 776; x_wconf 80' lang='lat' dir='ltr'>Hah.</span> <span class='ocrx_word' id='word_1_63' title='bbox 515 743 550 776; x_wconf 91' lang='lat' dir='ltr'>in</span> <span class='ocrx_word' id='word_1_64' title='bbox 579 743 730 786; x_wconf 85' lang='lat' dir='ltr'>planitie</span> <span class='ocrx_word' id='word_1_65' title='bbox 762 742 966 786; x_wconf 70' lang='lat' dir='ltr'>Coelesyrine</span> <span class='ocrx_word' id='word_1_66' title='bbox 999 752 1112 785; x_wconf 88' lang='lat' dir='ltr'>prope</span> <span class='ocrx_word' id='word_1_67' title='bbox 1139 741 1301 775; x_wconf 88' lang='lat' dir='ltr'>Balbeck</span> <span class='ocrx_word' id='word_1_68' title='bbox 1321 741 1517 783; x_wconf 84' lang='lat' dir='ltr'>(Ehrenl›.!</span> <span class='ocrx_word' id='word_1_69' title='bbox 1543 741 1615 776; x_wconf 90' lang='lat' dir='ltr'>vidi</span> <span class='ocrx_word' id='word_1_70' title='bbox 1634 741 1670 775; x_wconf 91' lang='lat' dir='ltr'>in</span> <span class='ocrx_word' id='word_1_71' title='bbox 1689 740 1791 775; x_wconf 90' lang='lat' dir='ltr'>herb.</span> <span class='ocrx_word' id='word_1_72' title='bbox 1814 741 1908 776; x_wconf 87' lang='lat' dir='ltr'>Mus.</span> 
     </span>
     <span class='ocr_line' id='line_1_15' title="bbox 354 787 1909 879; baseline -0.001 -56"><span class='ocrx_word' id='word_1_73' title='bbox 354 789 551 879; x_wconf 48' lang='grc' dir='ltr'>ῗὲἶοὲέὲίῧι</span> <span class='ocrx_word' id='word_1_74' title='bbox 566 789 776 823; x_wconf 83' lang='lat' dir='ltr'>Antilibano</span> <span class='ocrx_word' id='word_1_75' title='bbox 791 800 905 833; x_wconf 88' lang='lat' dir='ltr'>prope</span> <span class='ocrx_word' id='word_1_76' title='bbox 921 789 1045 822; x_wconf 88' lang='lat' dir='ltr'>Dimar</span> <span class='ocrx_word' id='word_1_77' title='bbox 1062 789 1183 831; x_wconf 89' lang='lat' dir='ltr'>(Gaill.</span> <span class='ocrx_word' id='word_1_78' title='bbox 1202 789 1322 832; x_wconf 75' lang='grc'><strong>16431)</strong></span> <span class='ocrx_word' id='word_1_79' title='bbox 1340 794 1375 823; x_wconf 85' lang='lat' dir='ltr'>et</span> <span class='ocrx_word' id='word_1_80' title='bbox 1389 789 1425 822; x_wconf 92' lang='lat' dir='ltr'>in</span> <span class='ocrx_word' id='word_1_81' title='bbox 1440 788 1579 822; x_wconf 86' lang='lat' dir='ltr'>Libano</span> <span class='ocrx_word' id='word_1_82' title='bbox 1594 799 1709 832; x_wconf 87' lang='lat' dir='ltr'>prope</span> <span class='ocrx_word' id='word_1_83' title='bbox 1722 787 1909 833; x_wconf 85' lang='lat' dir='ltr'>Beckfaya</span> 
     </span>
    </p>
   </div>
   <div class='ocr_carea' id='block_1_9' title="bbox 355 899 1909 1085">
    <p class='ocr_par' dir='ltr' id='par_1_9' title="bbox 355 899 1909 1085">
     <span class='ocr_line' id='line_1_16' title="bbox 400 899 1909 944; baseline -0.001 -9"><span class='ocrx_word' id='word_1_84' title='bbox 400 900 648 944; x_wconf 83' lang='lat' dir='ltr'>Semipedalis,</span> <span class='ocrx_word' id='word_1_85' title='bbox 668 900 754 934; x_wconf 82' lang='lat' dir='ltr'>folia</span> <span class='ocrx_word' id='word_1_86' title='bbox 772 902 830 934; x_wconf 86' lang='grc'>5-7</span> <span class='ocrx_word' id='word_1_87' title='bbox 849 900 964 934; x_wconf 86' lang='lat' dir='ltr'>lineas</span> <span class='ocrx_word' id='word_1_88' title='bbox 986 900 1104 943; x_wconf 85' lang='lat' dir='ltr'>longa,</span> <span class='ocrx_word' id='word_1_89' title='bbox 1125 900 1229 944; x_wconf 84' lang='lat' dir='ltr'>calyx</span> <span class='ocrx_word' id='word_1_90' title='bbox 1247 899 1386 934; x_wconf 86' lang='lat' dir='ltr'>florifer</span> <span class='ocrx_word' id='word_1_91' title='bbox 1405 903 1426 934; x_wconf 80' lang='lat'>4</span> <span class='ocrx_word' id='word_1_92' title='bbox 1445 900 1478 940; x_wconf 83' lang='lat' dir='ltr'>¹l2</span> <span class='ocrx_word' id='word_1_93' title='bbox 1504 901 1619 934; x_wconf 89' lang='lat' dir='ltr'>lineas</span> <span class='ocrx_word' id='word_1_94' title='bbox 1639 900 1779 944; x_wconf 86' lang='lat' dir='ltr'>longus.</span> <span class='ocrx_word' id='word_1_95' title='bbox 1800 900 1909 934; x_wconf 87' lang='lat' dir='ltr'>Facie</span> 
     </span>
     <span class='ocr_line' id='line_1_17' title="bbox 356 946 1908 992; baseline 0 -10"><span class='ocrx_word' id='word_1_96' title='bbox 356 954 392 982; x_wconf 86' lang='lat' dir='ltr'>et</span> <span class='ocrx_word' id='word_1_97' title='bbox 405 947 677 982; x_wconf 86' lang='lat' dir='ltr'>characteribus</span> <span class='ocrx_word' id='word_1_98' title='bbox 692 947 798 981; x_wconf 86' lang='lat' dir='ltr'>valde</span> <span class='ocrx_word' id='word_1_99' title='bbox 819 946 939 981; x_wconf 87' lang='lat' dir='ltr'>affinis</span> <span class='ocrx_word' id='word_1_100' title='bbox 960 946 1083 981; x_wconf 84' lang='lat' dir='ltr'>formis</span> <span class='ocrx_word' id='word_1_101' title='bbox 1103 948 1247 991; x_wconf 85' lang='lat' dir='ltr'>pumilis</span> <span class='ocrx_word' id='word_1_102' title='bbox 1267 947 1302 982; x_wconf 92' lang='lat' dir='ltr'>S.</span> <span class='ocrx_word' id='word_1_103' title='bbox 1320 947 1494 992; x_wconf 78' lang='lat' dir='ltr'>Kotschyi</span> <span class='ocrx_word' id='word_1_104' title='bbox 1510 949 1662 991; x_wconf 78' lang='lat' dir='ltr'>quacum</span> <span class='ocrx_word' id='word_1_105' title='bbox 1680 947 1908 982; x_wconf 86' lang='lat' dir='ltr'>commiscue-</span> 
     </span>
     <span class='ocr_line' id='line_1_18' title="bbox 356 993 1909 1038; baseline 0 -10"><span class='ocrx_word' id='word_1_106' title='bbox 356 1005 433 1028; x_wconf 88' lang='lat' dir='ltr'>ram</span> <span class='ocrx_word' id='word_1_107' title='bbox 454 1000 490 1029; x_wconf 90' lang='lat' dir='ltr'>et</span> <span class='ocrx_word' id='word_1_108' title='bbox 519 1005 540 1028; x_wconf 88' lang='lat' dir='ltr'>a</span> <span class='ocrx_word' id='word_1_109' title='bbox 560 997 631 1038; x_wconf 80' lang='lat' dir='ltr'>qua</span> <span class='ocrx_word' id='word_1_110' title='bbox 658 994 779 1028; x_wconf 82' lang='lat' dir='ltr'>differt</span> <span class='ocrx_word' id='word_1_111' title='bbox 804 1000 942 1028; x_wconf 89' lang='lat' dir='ltr'>tantum</span> <span class='ocrx_word' id='word_1_112' title='bbox 973 994 1095 1038; x_wconf 82' lang='lat' dir='ltr'>calyce</span> <span class='ocrx_word' id='word_1_113' title='bbox 1127 994 1267 1038; x_wconf 88' lang='lat' dir='ltr'>glabro,</span> <span class='ocrx_word' id='word_1_114' title='bbox 1297 994 1510 1038; x_wconf 89' lang='lat' dir='ltr'>pedunculis</span> <span class='ocrx_word' id='word_1_115' title='bbox 1539 993 1846 1029; x_wconf 85' lang='lat' dir='ltr'>subcrassioribus</span> <span class='ocrx_word' id='word_1_116' title='bbox 1873 998 1909 1028; x_wconf 87' lang='lat' dir='ltr'>et.</span> 
     </span>
     <span class='ocr_line' id='line_1_19' title="bbox 355 1041 876 1085; baseline -0.002 -10"><span class='ocrx_word' id='word_1_117' title='bbox 355 1041 566 1085; x_wconf 81' lang='lat' dir='ltr'>appendicis</span> <span class='ocrx_word' id='word_1_118' title='bbox 584 1042 732 1075; x_wconf 78' lang='lat' dir='ltr'>corollae</span> <span class='ocrx_word' id='word_1_119' title='bbox 748 1041 876 1075; x_wconf 76' lang='lat' dir='ltr'>forma.</span> 
     </span>
    </p>
   </div>
   <div class='ocr_carea' id='block_1_10' title="bbox 341 1171 1911 1593">
    <p class='ocr_par' dir='ltr' id='par_1_10' title="bbox 341 1171 1911 1593">
     <span class='ocr_line' id='line_1_20' title="bbox 398 1171 1909 1223; baseline -0.001 -11"><span class='ocrx_word' id='word_1_120' title='bbox 398 1172 451 1212; x_wconf 87' lang='lat' dir='ltr'>S.</span> <span class='ocrx_word' id='word_1_121' title='bbox 477 1171 820 1212; x_wconf 83' lang='lat' dir='ltr'>Corinthiaca</span> <span class='ocrx_word' id='word_1_122' title='bbox 842 1171 991 1215; x_wconf 82' lang='lat' dir='ltr'>‹Boiss.</span> <span class='ocrx_word' id='word_1_123' title='bbox 1015 1175 1057 1211; x_wconf 90' lang='lat' dir='ltr'>et</span> <span class='ocrx_word' id='word_1_124' title='bbox 1077 1171 1259 1220; x_wconf 79' lang='lat' dir='ltr'>Heldr.)‚</span> <span class='ocrx_word' id='word_1_125' title='bbox 1282 1171 1424 1212; x_wconf 91' lang='lat' dir='ltr'>viridis</span> <span class='ocrx_word' id='word_1_126' title='bbox 1443 1171 1600 1212; x_wconf 90' lang='lat' dir='ltr'>viscida</span> <span class='ocrx_word' id='word_1_127' title='bbox 1619 1174 1773 1223; x_wconf 84' lang='lat' dir='ltr'>praeter</span> <span class='ocrx_word' id='word_1_128' title='bbox 1797 1175 1909 1212; x_wconf 90' lang='lat' dir='ltr'>setu-</span> 
     </span>
     <span class='ocr_line' id='line_1_21' title="bbox 343 1223 1910 1276; baseline -0.001 -12"><span class='ocrx_word' id='word_1_129' title='bbox 343 1223 404 1264; x_wconf 92' lang='lat' dir='ltr'>las</span> <span class='ocrx_word' id='word_1_130' title='bbox 423 1235 588 1275; x_wconf 88' lang='lat' dir='ltr'>sparsas</span> <span class='ocrx_word' id='word_1_131' title='bbox 609 1228 802 1276; x_wconf 89' lang='lat' dir='ltr'>patentes</span> <span class='ocrx_word' id='word_1_132' title='bbox 823 1224 970 1274; x_wconf 78' lang='lat' dir='ltr'>glabra</span> <span class='ocrx_word' id='word_1_133' title='bbox 996 1224 1153 1275; x_wconf 85' lang='lat' dir='ltr'>pumila</span> <span class='ocrx_word' id='word_1_134' title='bbox 1172 1237 1197 1264; x_wconf 85' lang='lat' dir='ltr'>a</span> <span class='ocrx_word' id='word_1_135' title='bbox 1214 1224 1318 1265; x_wconf 91' lang='lat' dir='ltr'>collo</span> <span class='ocrx_word' id='word_1_136' title='bbox 1337 1224 1510 1276; x_wconf 87' lang='lat' dir='ltr'>simplex</span> <span class='ocrx_word' id='word_1_137' title='bbox 1529 1224 1593 1265; x_wconf 90' lang='lat' dir='ltr'>vel</span> <span class='ocrx_word' id='word_1_138' title='bbox 1613 1235 1791 1271; x_wconf 84' lang='lat' dir='ltr'>ramosa,</span> <span class='ocrx_word' id='word_1_139' title='bbox 1814 1234 1910 1264; x_wconf 89' lang='lat' dir='ltr'>cau-</span> 
     </span>
     <span class='ocr_line' id='line_1_22' title="bbox 341 1276 1909 1328; baseline 0.001 -12"><span class='ocrx_word' id='word_1_140' title='bbox 341 1276 450 1317; x_wconf 92' lang='lat' dir='ltr'>libus</span> <span class='ocrx_word' id='word_1_141' title='bbox 470 1276 664 1317; x_wconf 87' lang='lat' dir='ltr'>tenuibus</span> <span class='ocrx_word' id='word_1_142' title='bbox 692 1276 881 1328; x_wconf 86' lang='lat' dir='ltr'>rigidulis</span> <span class='ocrx_word' id='word_1_143' title='bbox 911 1276 1173 1324; x_wconf 86' lang='lat' dir='ltr'>dichotomis,</span> <span class='ocrx_word' id='word_1_144' title='bbox 1205 1276 1311 1317; x_wconf 85' lang='lat' dir='ltr'>foliis</span> <span class='ocrx_word' id='word_1_145' title='bbox 1341 1277 1512 1317; x_wconf 87' lang='lat' dir='ltr'>minutis</span> <span class='ocrx_word' id='word_1_146' title='bbox 1538 1277 1691 1317; x_wconf 91' lang='lat' dir='ltr'>infimis</span> <span class='ocrx_word' id='word_1_147' title='bbox 1720 1276 1909 1328; x_wconf 78' lang='lat' dir='ltr'>oblongis</span> 
     </span>
     <span class='ocr_line' id='line_1_23' title="bbox 344 1329 1910 1381; baseline 0.001 -13"><span class='ocrx_word' id='word_1_148' title='bbox 344 1329 612 1369; x_wconf 88' lang='lat' dir='ltr'>acutiusculis</span> <span class='ocrx_word' id='word_1_149' title='bbox 638 1329 680 1369; x_wconf 92' lang='lat' dir='ltr'>in</span> <span class='ocrx_word' id='word_1_150' title='bbox 709 1329 908 1380; x_wconf 90' lang='lat' dir='ltr'>petiolum</span> <span class='ocrx_word' id='word_1_151' title='bbox 943 1330 1172 1370; x_wconf 88' lang='lat' dir='ltr'>attenuatis</span> <span class='ocrx_word' id='word_1_152' title='bbox 1208 1330 1370 1370; x_wconf 79' lang='lat' dir='ltr'>caeteris</span> <span class='ocrx_word' id='word_1_153' title='bbox 1403 1333 1581 1381; x_wconf 84' lang='lat' dir='ltr'>anguste</span> <span class='ocrx_word' id='word_1_154' title='bbox 1609 1329 1835 1370; x_wconf 87' lang='lat' dir='ltr'>linearibus</span> <span class='ocrx_word' id='word_1_155' title='bbox 1867 1333 1910 1369; x_wconf 91' lang='lat' dir='ltr'>et</span> 
     </span>
     <span class='ocr_line' id='line_1_24' title="bbox 341 1380 1908 1434; baseline 0.001 -13"><span class='ocrx_word' id='word_1_156' title='bbox 341 1380 552 1421; x_wconf 82' lang='lat' dir='ltr'>floralibus</span> <span class='ocrx_word' id='word_1_157' title='bbox 578 1381 783 1422; x_wconf 87' lang='lat' dir='ltr'>subulatis</span> <span class='ocrx_word' id='word_1_158' title='bbox 811 1382 944 1422; x_wconf 88' lang='lat' dir='ltr'>acutis</span> <span class='ocrx_word' id='word_1_159' title='bbox 978 1382 1148 1423; x_wconf 89' lang='lat' dir='ltr'>minime</span> <span class='ocrx_word' id='word_1_160' title='bbox 1179 1382 1450 1429; x_wconf 67' lang='lat' dir='ltr'>muci-ouans,</span> <span class='ocrx_word' id='word_1_161' title='bbox 1485 1382 1626 1434; x_wconf 90' lang='lat' dir='ltr'>calyce</span> <span class='ocrx_word' id='word_1_162' title='bbox 1657 1381 1908 1434; x_wconf 87' lang='lat' dir='ltr'>glaberrimo</span> 
     </span>
     <span class='ocr_line' id='line_1_25' title="bbox 342 1433 1909 1484; baseline 0.001 -11"><span class='ocrx_word' id='word_1_163' title='bbox 342 1433 432 1473; x_wconf 89' lang='lat' dir='ltr'>basi</span> <span class='ocrx_word' id='word_1_164' title='bbox 452 1433 693 1474; x_wconf 89' lang='lat' dir='ltr'>umbilicato</span> <span class='ocrx_word' id='word_1_165' title='bbox 714 1434 1121 1484; x_wconf 85' lang='lat' dir='ltr'>cylindrico-clavato</span> <span class='ocrx_word' id='word_1_166' title='bbox 1141 1435 1302 1475; x_wconf 89' lang='lat' dir='ltr'>rubello</span> <span class='ocrx_word' id='word_1_167' title='bbox 1323 1435 1458 1475; x_wconf 90' lang='lat' dir='ltr'>nervis</span> <span class='ocrx_word' id='word_1_168' title='bbox 1481 1435 1618 1476; x_wconf 90' lang='lat' dir='ltr'>rubris</span> <span class='ocrx_word' id='word_1_169' title='bbox 1642 1446 1724 1475; x_wconf 92' lang='lat' dir='ltr'>non</span> <span class='ocrx_word' id='word_1_170' title='bbox 1744 1438 1909 1475; x_wconf 83' lang='lat' dir='ltr'>anasto-</span> 
     </span>
     <span class='ocr_line' id='line_1_26' title="bbox 341 1486 1909 1539; baseline 0.002 -14"><span class='ocrx_word' id='word_1_171' title='bbox 341 1486 601 1526; x_wconf 87' lang='lat' dir='ltr'>mosantibus</span> <span class='ocrx_word' id='word_1_172' title='bbox 622 1486 816 1527; x_wconf 87' lang='lat' dir='ltr'>dentibus</span> <span class='ocrx_word' id='word_1_173' title='bbox 832 1487 964 1527; x_wconf 91' lang='lat' dir='ltr'>ovatis</span> <span class='ocrx_word' id='word_1_174' title='bbox 982 1486 1142 1528; x_wconf 93' lang='lat' dir='ltr'>obtusis</span> <span class='ocrx_word' id='word_1_175' title='bbox 1157 1488 1328 1528; x_wconf 89' lang='lat' dir='ltr'>alternis</span> <span class='ocrx_word' id='word_1_176' title='bbox 1341 1487 1655 1536; x_wconf 88' lang='lat' dir='ltr'>mucronulatis,</span> <span class='ocrx_word' id='word_1_177' title='bbox 1675 1487 1909 1539; x_wconf 88' lang='lat' dir='ltr'>petalorum</span> 
     </span>
     <span class='ocr_line' id='line_1_27' title="bbox 342 1538 1911 1593; baseline 0.001 -15"><span class='ocrx_word' id='word_1_178' title='bbox 342 1538 497 1578; x_wconf 71' lang='lat' dir='ltr'>lamina</span> <span class='ocrx_word' id='word_1_179' title='bbox 516 1538 656 1579; x_wconf 81' lang='lat' dir='ltr'>albida</span> <span class='ocrx_word' id='word_1_180' title='bbox 681 1539 722 1579; x_wconf 90' lang='lat' dir='ltr'>in</span> <span class='ocrx_word' id='word_1_181' title='bbox 751 1539 922 1580; x_wconf 90' lang='lat' dir='ltr'>lacinias</span> <span class='ocrx_word' id='word_1_182' title='bbox 950 1539 1325 1591; x_wconf 80' lang='lat' dir='ltr'>oblongo-lineares</span> <span class='ocrx_word' id='word_1_183' title='bbox 1344 1540 1561 1592; x_wconf 76' lang='lat' dir='ltr'>bipartita,</span> <span class='ocrx_word' id='word_1_184' title='bbox 1590 1540 1761 1593; x_wconf 75' lang='lat' dir='ltr'>capsula</span> <span class='ocrx_word' id='word_1_185' title='bbox 1787 1541 1911 1580; x_wconf 77' lang='lat' dir='ltr'>ovata</span> 
     </span>
    </p>
   </div>
   <div class='ocr_carea' id='block_1_11' title="bbox 342 1591 1910 1693">
    <p class='ocr_par' dir='ltr' id='par_1_11' title="bbox 342 1591 1910 1693">
     <span class='ocr_line' id='line_1_28' title="bbox 342 1591 1910 1645; baseline 0.002 -15"><span class='ocrx_word' id='word_1_186' title='bbox 342 1591 599 1642; x_wconf 88' lang='lat' dir='ltr'>carpophoro</span> <span class='ocrx_word' id='word_1_187' title='bbox 637 1591 965 1644; x_wconf 76' lang='lat' dir='ltr'>subaequilonga‚</span> <span class='ocrx_word' id='word_1_188' title='bbox 999 1593 1226 1634; x_wconf 89' lang='lat' dir='ltr'>seminibus</span> <span class='ocrx_word' id='word_1_189' title='bbox 1262 1593 1445 1634; x_wconf 87' lang='lat' dir='ltr'>minimis</span> <span class='ocrx_word' id='word_1_190' title='bbox 1483 1594 1667 1634; x_wconf 88' lang='lat' dir='ltr'>tenuiter</span> <span class='ocrx_word' id='word_1_191' title='bbox 1702 1592 1910 1645; x_wconf 87' lang='lat' dir='ltr'>rugulosis</span> 
     </span>
     <span class='ocr_line' id='line_1_29' title="bbox 343 1643 853 1693; baseline 0.004 -10"><span class='ocrx_word' id='word_1_192' title='bbox 343 1643 464 1684; x_wconf 87' lang='lat' dir='ltr'>dorso</span> <span class='ocrx_word' id='word_1_193' title='bbox 482 1643 768 1684; x_wconf 87' lang='lat' dir='ltr'>canaliculatis</span> <span class='ocrx_word' id='word_1_194' title='bbox 789 1647 853 1693; x_wconf 76' lang='grc' dir='ltr'>Θ.</span> 
     </span>
    </p>
   </div>
   <div class='ocr_carea' id='block_1_12' title="bbox 353 1713 1909 1804">
    <p class='ocr_par' dir='ltr' id='par_1_12' title="bbox 353 1713 1909 1804">
     <span class='ocr_line' id='line_1_30' title="bbox 353 1713 1909 1804; baseline 0.001 -57"><span class='ocrx_word' id='word_1_195' title='bbox 353 1713 494 1804; x_wconf 52' lang='grc' dir='ltr'><strong>34ξ1433.</strong></span> <span class='ocrx_word' id='word_1_196' title='bbox 526 1714 562 1748; x_wconf 93' lang='lat' dir='ltr'>in</span> <span class='ocrx_word' id='word_1_197' title='bbox 599 1715 760 1748; x_wconf 84' lang='lat' dir='ltr'>arenosis</span> <span class='ocrx_word' id='word_1_198' title='bbox 793 1715 984 1749; x_wconf 87' lang='lat' dir='ltr'>maritimis</span> <span class='ocrx_word' id='word_1_199' title='bbox 1018 1715 1145 1750; x_wconf 90' lang='lat' dir='ltr'>Isthmi</span> <span class='ocrx_word' id='word_1_200' title='bbox 1178 1716 1400 1750; x_wconf 88' lang='lat' dir='ltr'>Corinthiaci</span> <span class='ocrx_word' id='word_1_201' title='bbox 1433 1727 1549 1760; x_wconf 88' lang='lat' dir='ltr'>prope</span> <span class='ocrx_word' id='word_1_202' title='bbox 1585 1716 1740 1751; x_wconf 89' lang='lat' dir='ltr'>Lutraki</span> <span class='ocrx_word' id='word_1_203' title='bbox 1767 1715 1909 1761; x_wconf 87' lang='lat' dir='ltr'>(Heldr.</span> 
     </span>
    </p>
   </div>
   <div class='ocr_carea' id='block_1_13' title="bbox 351 1824 1908 2011">
    <p class='ocr_par' dir='ltr' id='par_1_13' title="bbox 351 1824 1908 2001">
     <span class='ocr_line' id='line_1_31' title="bbox 400 1824 1907 1873; baseline 0.002 -15"><span class='ocrx_word' id='word_1_204' title='bbox 400 1825 469 1859; x_wconf 88' lang='lat' dir='ltr'>Vix</span> <span class='ocrx_word' id='word_1_205' title='bbox 487 1824 728 1868; x_wconf 83' lang='lat' dir='ltr'>semipedalis,</span> <span class='ocrx_word' id='word_1_206' title='bbox 749 1825 891 1870; x_wconf 84' lang='lat' dir='ltr'>calyces</span> <span class='ocrx_word' id='word_1_207' title='bbox 907 1828 927 1859; x_wconf 89' lang='lat'><strong>7</strong></span> <span class='ocrx_word' id='word_1_208' title='bbox 946 1825 1060 1860; x_wconf 87' lang='lat' dir='ltr'>lineas</span> <span class='ocrx_word' id='word_1_209' title='bbox 1080 1826 1189 1870; x_wconf 85' lang='lat' dir='ltr'>longi.</span> <span class='ocrx_word' id='word_1_210' title='bbox 1207 1827 1334 1862; x_wconf 90' lang='lat' dir='ltr'>Facies</span> <span class='ocrx_word' id='word_1_211' title='bbox 1352 1828 1494 1862; x_wconf 91' lang='lat' dir='ltr'>omnino</span> <span class='ocrx_word' id='word_1_212' title='bbox 1512 1827 1548 1863; x_wconf 87' lang='lat' dir='ltr'>S.</span> <span class='ocrx_word' id='word_1_213' title='bbox 1565 1828 1738 1873; x_wconf 73' lang='lat' dir='ltr'>Kotschyi</span> <span class='ocrx_word' id='word_1_214' title='bbox 1755 1827 1784 1867; x_wconf 90' lang='grc' dir='ltr'>β.</span> <span class='ocrx_word' id='word_1_215' title='bbox 1801 1827 1907 1861; x_wconf 80' lang='lat' dir='ltr'>mari-</span> 
     </span>
     <span class='ocr_line' id='line_1_32' title="bbox 354 1871 1907 1917; baseline 0.002 -11"><span class='ocrx_word' id='word_1_216' title='bbox 354 1873 449 1907; x_wconf 81' lang='lat' dir='ltr'>timoe</span> <span class='ocrx_word' id='word_1_217' title='bbox 468 1883 489 1906; x_wconf 91' lang='lat' dir='ltr'>a</span> <span class='ocrx_word' id='word_1_218' title='bbox 510 1874 581 1915; x_wconf 76' lang='lat' dir='ltr'>qua</span> <span class='ocrx_word' id='word_1_219' title='bbox 600 1871 767 1907; x_wconf 88' lang='lat' dir='ltr'>dentibus</span> <span class='ocrx_word' id='word_1_220' title='bbox 787 1872 959 1917; x_wconf 88' lang='lat' dir='ltr'>calycinis</span> <span class='ocrx_word' id='word_1_221' title='bbox 977 1874 1092 1908; x_wconf 89' lang='lat' dir='ltr'>ovatis</span> <span class='ocrx_word' id='word_1_222' title='bbox 1117 1873 1286 1908; x_wconf 87' lang='lat' dir='ltr'>brevibus</span> <span class='ocrx_word' id='word_1_223' title='bbox 1306 1885 1372 1909; x_wconf 90' lang='lat' dir='ltr'>nec</span> <span class='ocrx_word' id='word_1_224' title='bbox 1398 1875 1613 1909; x_wconf 89' lang='lat' dir='ltr'>lanceolatis</span> <span class='ocrx_word' id='word_1_225' title='bbox 1640 1876 1756 1909; x_wconf 87' lang='lat' dir='ltr'>acutis</span> <span class='ocrx_word' id='word_1_226' title='bbox 1785 1874 1907 1909; x_wconf 90' lang='lat' dir='ltr'>distin-</span> 
     </span>
     <span class='ocr_line' id='line_1_33' title="bbox 351 1919 1908 2001; baseline 0.003 -48"><span class='ocrx_word' id='word_1_227' title='bbox 351 1921 486 2001; x_wconf 44' lang='lat' dir='ltr'>tgrligrlilr&#39;</span> <span class='ocrx_word' id='word_1_228' title='bbox 501 1920 540 2000; x_wconf 84' lang='lat' dir='ltr'>lS.</span> <span class='ocrx_word' id='word_1_229' title='bbox 559 1919 738 2000; x_wconf 52' lang='grc' dir='ltr'>εωειιῖίἑιηε</span> <span class='ocrx_word' id='word_1_230' title='bbox 759 1919 871 1954; x_wconf 86' lang='lat' dir='ltr'>habet</span> <span class='ocrx_word' id='word_1_231' title='bbox 888 1919 996 1954; x_wconf 88' lang='lat' dir='ltr'>flores</span> <span class='ocrx_word' id='word_1_232' title='bbox 1023 1920 1168 1954; x_wconf 90' lang='lat' dir='ltr'>dimidio</span> <span class='ocrx_word' id='word_1_233' title='bbox 1189 1921 1384 1965; x_wconf 84' lang='lat' dir='ltr'>breviores,</span> <span class='ocrx_word' id='word_1_234' title='bbox 1400 1921 1525 1957; x_wconf 86' lang='lat' dir='ltr'>(lentes</span> <span class='ocrx_word' id='word_1_235' title='bbox 1542 1922 1723 1967; x_wconf 88' lang='lat' dir='ltr'>calycinos</span> <span class='ocrx_word' id='word_1_236' title='bbox 1748 1922 1908 1956; x_wconf 87' lang='lat' dir='ltr'>breviter</span> 
     </span>
    </p>

    <p class='ocr_par' dir='ltr' id='par_1_14' title="bbox 451 1977 695 2011">
     <span class='ocr_line' id='line_1_34' title="bbox 451 1977 695 2011; baseline -0.004 -10"><span class='ocrx_word' id='word_1_237' title='bbox 451 1978 498 2011; x_wconf 88' lang='lat' dir='ltr'>gu</span> <span class='ocrx_word' id='word_1_238' title='bbox 516 1977 609 2010; x_wconf 86' lang='lat' dir='ltr'>ares,</span> <span class='ocrx_word' id='word_1_239' title='bbox 628 1977 645 2001; x_wconf 90' lang='lat' dir='ltr'>e</span> <span class='ocrx_word' id='word_1_240' title='bbox 689 1993 695 2000; x_wconf 92' lang='lat'><strong>.</strong></span> 
     </span>
    </p>
   </div>
   <div class='ocr_carea' id='block_1_14' title="bbox 361 2096 836 2146">
    <p class='ocr_par' dir='ltr' id='par_1_15' title="bbox 361 2096 836 2146">
     <span class='ocr_line' id='line_1_35' title="bbox 361 2096 836 2146; baseline -0.002 -8"><span class='ocrx_word' id='word_1_241' title='bbox 361 2098 414 2138; x_wconf 89' lang='lat' dir='ltr'>S.</span> <span class='ocrx_word' id='word_1_242' title='bbox 437 2097 675 2146; x_wconf 85' lang='lat' dir='ltr'>linearis,</span> <span class='ocrx_word' id='word_1_243' title='bbox 699 2096 807 2137; x_wconf 87' lang='lat' dir='ltr'>adde</span> <span class='ocrx_word' id='word_1_244' title='bbox 828 2109 836 2137; x_wconf 91' lang='lat'>:</span> 
     </span>
    </p>
   </div>
   <div class='ocr_carea' id='block_1_15' title="bbox 351 2185 1910 2410">
    <p class='ocr_par' dir='ltr' id='par_1_16' title="bbox 351 2185 1910 2410">
     <span class='ocr_line' id='line_1_36' title="bbox 400 2185 1910 2232; baseline 0.001 -12"><span class='ocrx_word' id='word_1_245' title='bbox 400 2185 494 2220; x_wconf 87' lang='lat' dir='ltr'>Hab.</span> <span class='ocrx_word' id='word_1_246' title='bbox 516 2187 550 2220; x_wconf 91' lang='lat' dir='ltr'>in</span> <span class='ocrx_word' id='word_1_247' title='bbox 569 2185 713 2220; x_wconf 88' lang='lat' dir='ltr'>deserto</span> <span class='ocrx_word' id='word_1_248' title='bbox 731 2185 1129 2230; x_wconf 84' lang='lat' dir='ltr'>AEgyptiaco-Arabico</span> <span class='ocrx_word' id='word_1_249' title='bbox 1147 2185 1193 2220; x_wconf 92' lang='lat' dir='ltr'>ad</span> <span class='ocrx_word' id='word_1_250' title='bbox 1211 2185 1328 2220; x_wconf 91' lang='lat' dir='ltr'>Ouadi</span> <span class='ocrx_word' id='word_1_251' title='bbox 1345 2186 1413 2220; x_wconf 91' lang='lat' dir='ltr'>Tin</span> <span class='ocrx_word' id='word_1_252' title='bbox 1435 2192 1470 2220; x_wconf 89' lang='lat' dir='ltr'>et</span> <span class='ocrx_word' id='word_1_253' title='bbox 1488 2187 1534 2221; x_wconf 91' lang='lat' dir='ltr'>ad</span> <span class='ocrx_word' id='word_1_254' title='bbox 1550 2187 1675 2221; x_wconf 83' lang='lat' dir='ltr'>littora.</span> <span class='ocrx_word' id='word_1_255' title='bbox 1688 2187 1910 2232; x_wconf 82' lang='lat' dir='ltr'>AEgyptiaca</span> 
     </span>
     <span class='ocr_line' id='line_1_37' title="bbox 351 2233 1444 2277; baseline 0 -10"><span class='ocrx_word' id='word_1_256' title='bbox 351 2234 461 2268; x_wconf 88' lang='lat' dir='ltr'>maris</span> <span class='ocrx_word' id='word_1_257' title='bbox 480 2233 595 2267; x_wconf 87' lang='lat' dir='ltr'>Rubri</span> <span class='ocrx_word' id='word_1_258' title='bbox 615 2234 710 2267; x_wconf 89' lang='lat' dir='ltr'>inter</span> <span class='ocrx_word' id='word_1_259' title='bbox 731 2233 879 2267; x_wconf 85' lang='lat' dir='ltr'>Kosseir</span> <span class='ocrx_word' id='word_1_260' title='bbox 897 2239 933 2268; x_wconf 88' lang='lat' dir='ltr'>et</span> <span class='ocrx_word' id='word_1_261' title='bbox 951 2233 1026 2268; x_wconf 82' lang='lat' dir='ltr'>Ras</span> <span class='ocrx_word' id='word_1_262' title='bbox 1042 2233 1179 2268; x_wconf 89' lang='lat' dir='ltr'>Benass</span> <span class='ocrx_word' id='word_1_263' title='bbox 1193 2233 1396 2277; x_wconf 85' lang='lat' dir='ltr'>(Schweinf.</span> <span class='ocrx_word' id='word_1_264' title='bbox 1410 2233 1444 2277; x_wconf 71' lang='grc' dir='ltr'>Ε).</span> 
     </span>
     <span class='ocr_line' id='line_1_38' title="bbox 358 2358 997 2410; baseline 0.002 -12"><span class='ocrx_word' id='word_1_265' title='bbox 358 2369 434 2410; x_wconf 93' lang='lat' dir='ltr'>pro</span> <span class='ocrx_word' id='word_1_266' title='bbox 458 2358 511 2398; x_wconf 92' lang='lat' dir='ltr'>S.</span> <span class='ocrx_word' id='word_1_267' title='bbox 535 2358 837 2408; x_wconf 85' lang='lat' dir='ltr'>leyseroide</span> <span class='ocrx_word' id='word_1_268' title='bbox 858 2369 966 2409; x_wconf 88' lang='lat' dir='ltr'>pone</span> <span class='ocrx_word' id='word_1_269' title='bbox 988 2370 997 2398; x_wconf 90' lang='lat'>:</span> 
     </span>
    </p>
   </div>
   <div class='ocr_carea' id='block_1_16' title="bbox 339 2444 1909 2549">
    <p class='ocr_par' dir='ltr' id='par_1_17' title="bbox 339 2444 1909 2549">
     <span class='ocr_line' id='line_1_39' title="bbox 397 2444 1909 2498; baseline 0.001 -13"><span class='ocrx_word' id='word_1_270' title='bbox 397 2445 450 2485; x_wconf 92' lang='lat' dir='ltr'>S.</span> <span class='ocrx_word' id='word_1_271' title='bbox 485 2455 711 2485; x_wconf 81' lang='lat' dir='ltr'>arenosa</span> <span class='ocrx_word' id='word_1_272' title='bbox 742 2444 789 2486; x_wconf 88' lang='lat' dir='ltr'>C.</span> <span class='ocrx_word' id='word_1_273' title='bbox 824 2444 941 2486; x_wconf 93' lang='lat' dir='ltr'>Koch</span> <span class='ocrx_word' id='word_1_274' title='bbox 972 2444 1093 2486; x_wconf 91' lang='lat' dir='ltr'>Linn.</span> <span class='ocrx_word' id='word_1_275' title='bbox 1125 2445 1216 2494; x_wconf 88' lang='lat' dir='ltr'>XV,</span> <span class='ocrx_word' id='word_1_276' title='bbox 1241 2458 1283 2498; x_wconf 89' lang='lat' dir='ltr'>p.</span> <span class='ocrx_word' id='word_1_277' title='bbox 1314 2449 1386 2486; x_wconf 89' lang='lat'>711</span> <span class='ocrx_word' id='word_1_278' title='bbox 1410 2456 1560 2486; x_wconf 85' lang='lat' dir='ltr'>nomen</span> <span class='ocrx_word' id='word_1_279' title='bbox 1581 2445 1740 2498; x_wconf 90' lang='lat' dir='ltr'>aliquot</span> <span class='ocrx_word' id='word_1_280' title='bbox 1759 2446 1909 2487; x_wconf 89' lang='lat' dir='ltr'>mensi-</span> 
     </span>
     <span class='ocr_line' id='line_1_40' title="bbox 339 2497 666 2549; baseline 0 -11"><span class='ocrx_word' id='word_1_281' title='bbox 339 2497 418 2538; x_wconf 94' lang='lat' dir='ltr'>bus</span> <span class='ocrx_word' id='word_1_282' title='bbox 439 2497 666 2549; x_wconf 90' lang='lat' dir='ltr'>antiquius.</span> 
     </span>
    </p>
   </div>
   <div class='ocr_carea' id='block_1_17' title="bbox 360 2629 805 2681">
    <p class='ocr_par' dir='ltr' id='par_1_18' title="bbox 360 2629 805 2681">
     <span class='ocr_line' id='line_1_41' title="bbox 360 2629 805 2681; baseline 0.002 -11"><span class='ocrx_word' id='word_1_283' title='bbox 360 2630 414 2670; x_wconf 90' lang='lat' dir='ltr'>S.</span> <span class='ocrx_word' id='word_1_284' title='bbox 435 2630 644 2681; x_wconf 84' lang='lat' dir='ltr'>juncea,</span> <span class='ocrx_word' id='word_1_285' title='bbox 667 2629 775 2671; x_wconf 88' lang='lat' dir='ltr'>adde</span> <span class='ocrx_word' id='word_1_286' title='bbox 797 2643 805 2671; x_wconf 90' lang='lat'>:</span> 
     </span>
    </p>
   </div>
   <div class='ocr_carea' id='block_1_18' title="bbox 400 2716 1392 2762">
    <p class='ocr_par' dir='ltr' id='par_1_19' title="bbox 400 2716 1392 2762">
     <span class='ocr_line' id='line_1_42' title="bbox 400 2716 1392 2762; baseline 0.004 -11"><span class='ocrx_word' id='word_1_287' title='bbox 400 2717 493 2752; x_wconf 88' lang='lat' dir='ltr'>Hab.</span> <span class='ocrx_word' id='word_1_288' title='bbox 512 2717 632 2752; x_wconf 86' lang='lat' dir='ltr'>Rhodi</span> <span class='ocrx_word' id='word_1_289' title='bbox 651 2718 687 2752; x_wconf 87' lang='lat' dir='ltr'>in</span> <span class='ocrx_word' id='word_1_290' title='bbox 708 2716 872 2752; x_wconf 86' lang='lat' dir='ltr'>faucibus</span> <span class='ocrx_word' id='word_1_291' title='bbox 892 2718 1021 2752; x_wconf 89' lang='lat' dir='ltr'>montis</span> <span class='ocrx_word' id='word_1_292' title='bbox 1042 2717 1179 2753; x_wconf 91' lang='lat' dir='ltr'>Comoli</span> <span class='ocrx_word' id='word_1_293' title='bbox 1199 2718 1392 2762; x_wconf 86' lang='lat' dir='ltr'>(Bourg.!).</span> 
     </span>
    </p>
   </div>
   <div class='ocr_carea' id='block_1_19' title="bbox 361 2843 912 2895">
    <p class='ocr_par' dir='ltr' id='par_1_20' title="bbox 361 2843 912 2895">
     <span class='ocr_line' id='line_1_43' title="bbox 361 2843 912 2895; baseline -0.002 -10"><span class='ocrx_word' id='word_1_294' title='bbox 361 2844 415 2885; x_wconf 88' lang='lat' dir='ltr'>S.</span> <span class='ocrx_word' id='word_1_295' title='bbox 437 2844 750 2895; x_wconf 83' lang='lat' dir='ltr'>ampullata,</span> <span class='ocrx_word' id='word_1_296' title='bbox 774 2843 882 2884; x_wconf 87' lang='lat' dir='ltr'>adde</span> <span class='ocrx_word' id='word_1_297' title='bbox 904 2857 912 2884; x_wconf 92' lang='lat'>:</span> 
     </span>
    </p>
   </div>
   <div class='ocr_carea' id='block_1_20' title="bbox 351 2930 1907 3022">
    <p class='ocr_par' dir='ltr' id='par_1_21' title="bbox 351 2930 1907 3022">
     <span class='ocr_line' id='line_1_44' title="bbox 351 2930 1907 3022; baseline 0 -57"><span class='ocrx_word' id='word_1_298' title='bbox 351 2931 522 3022; x_wconf 31' lang='lat' dir='ltr'>6036&amp;OE</span> <span class='ocrx_word' id='word_1_299' title='bbox 521 2931 557 2965; x_wconf 88' lang='lat' dir='ltr'>in</span> <span class='ocrx_word' id='word_1_300' title='bbox 588 2932 802 3022; x_wconf 51' lang='grc' dir='ltr'>ςὶαῧιίῃοεῐε</span> <span class='ocrx_word' id='word_1_301' title='bbox 826 2933 1000 2967; x_wconf 91' lang='lat' dir='ltr'>montium</span> <span class='ocrx_word' id='word_1_302' title='bbox 1026 2933 1209 2966; x_wconf 89' lang='lat' dir='ltr'>Avroman</span> <span class='ocrx_word' id='word_1_303' title='bbox 1236 2937 1272 2966; x_wconf 88' lang='lat' dir='ltr'>et</span> <span class='ocrx_word' id='word_1_304' title='bbox 1302 2931 1448 2967; x_wconf 87' lang='lat' dir='ltr'>Schahu</span> <span class='ocrx_word' id='word_1_305' title='bbox 1476 2931 1720 2966; x_wconf 80' lang='lat' dir='ltr'>Kurdistaniae</span> <span class='ocrx_word' id='word_1_306' title='bbox 1752 2930 1907 2966; x_wconf 81' lang='lat' dir='ltr'>Persicae</span> 
     </span>
     <span class='ocr_line' id='line_1_45' title="bbox 525 2989 694 3013; baseline -0.006 0"><span class='ocrx_word' id='word_1_307' title='bbox 525 2989 608 3013; x_wconf 86' lang='lat' dir='ltr'>auss</span> <span class='ocrx_word' id='word_1_308' title='bbox 639 3006 665 3012; x_wconf 91' lang='lat'>..</span> <span class='ocrx_word' id='word_1_309' title='bbox 687 3006 694 3013; x_wconf 93' lang='lat'><strong>.</strong></span> 
     </span>
    </p>
   </div>
  </div>
 </body>
</html>
