2094 3351
190 223 233 258 18
876 229 1178 254 RANUNCULACEAE.
1616 216 1853 262 Delphinium.

292 361 470 397 ramoso,
494 349 685 390 foliorum
705 349 864 389 laciniis
890 348 1231 390 lineari-setaceis
1260 347 1472 396 confertis,
1493 347 1675 389 bracteis
1694 346 1859 388 iuferio-

293 403 408 444 ribus
425 401 656 449 multifidis,
679 401 849 442 floribus
870 401 991 453 longe
1011 400 1429 452 racemoso-spicatiS‚
1451 399 1695 452 pedunculis
1714 400 1859 441 florem

292 454 635 506 subaequantibus
673 454 897 495 fructiferis
934 454 1092 495 strictis
1120 452 1272 493 infimis
1304 452 1618 494 horizontaliter
1654 451 1857 500 infractis,

323 508 422 548 etali
443 507 535 547 lobo
555 506 802 547 intermedio
822 507 998 547 oblonoo
1019 506 1168 546 obtuse
1187 505 1325 546 bilobo
1352 505 1594 545 lateralibus
1622 505 1859 546 rotundatis

293 521 494 611 fongiore,
518 559 679 600 calcare
699 558 853 599 corolla
873 537 997 611 duffio
1022 558 1226 605 breviore,
1255 557 1481 598 seminibus
1506 558 1620 609 rugis
1650 558 1860 599 circulari-

293 613 372 653 bus
392 612 602 664 parallelis
621 612 767 652 obsitis
788 615 852 661 Θ.

353 682 447 716 Hab.
472 693 585 726 prope
611 684 715 717 Same
738 682 865 716 insulae
886 681 1120 724 Cephaloniae
1141 680 1304 722 (Schrad.
1324 691 1367 714 ex
1384 680 1511 715 Heldr.
1528 680 1584 715 Fl.
1606 681 1716 724 Ceph.
1737 691 1772 724 p.
1790 680 1860 723 20).

308 729 404 769 (Non
427 729 526 771 vidi).
546 728 666 763 Affine
691 729 738 763 D.
760 729 915 773 Phryyio
935 738 957 762 a
983 738 1053 771 quo
1074 727 1195 762 differt
1220 727 1333 771 petali
1354 727 1436 761 lobo
1458 728 1671 762 intermedio
1691 727 1860 771 elongato

307 777 524 820 calcareque
543 777 656 810 multo
677 776 853 810 breviore.

353 838 421 872 Ar.
440 838 583 881 Geogr.
605 839 730 873 Insula
747 839 878 872 Lesina
896 838 1100 872 Dalmatiae.

215 962 281 1005 80,
315 959 374 998 D.
399 958 753 1009 oliqanthum‚
776 956 885 997 adde
907 969 915 996 :

356 1044 450 1078 Hab.
470 1045 506 1078 in
524 1043 673 1088 Assyria
689 1044 784 1077 inter
803 1042 907 1076 Erbil
926 1048 961 1077 et
978 1042 1129 1077 Kerkuk
1148 1042 1318 1086 (Haussk.
1330 1042 1365 1085 !).

310 1155 342 1190 d.
355 1109 484 1162 Variat
501 1108 652 1152 capsula
671 1113 711 1141 ut
730 1108 766 1141 in
787 1107 835 1141 D.
854 1111 1046 1142 tomentoso
1063 1107 1234 1151 pendula,
1251 1107 1315 1142 sed
1334 1106 1379 1141 ab
1395 1117 1437 1142 eo
1457 1107 1571 1151 petali
1590 1106 1706 1141 forma
1723 1116 1864 1150 semper

335 1161 543 1199 lgnoscltur.

217 1284 283 1328 81,
315 1282 373 1320 D.
397 1280 672 1331 pusillum,
693 1278 802 1320 adde
825 1292 833 1319 :

357 1367 452 1402 Hab.
470 1367 516 1401 ad
537 1367 654 1401 lacum
675 1368 862 1411 Yamouny
882 1367 1010 1401 Libani
1026 1367 1225 1411 (Peyronl).

218 1497 284 1541 82,
318 1495 378 1533 D.
410 1493 798 1540 Oliverianum,
821 1492 930 1533 adde
949 1492 1003 1533 ad
1023 1493 1308 1534 characterem
1330 1505 1339 1533 :
1363 1491 1546 1545 Capsula
1564 1493 1606 1533 in
1633 1492 1865 1545 pedunculo

298 1546 335 1586 ei
367 1545 601 1597 aequilongo
630 1546 692 1586 vel
718 1545 905 1597 longiore
932 1549 1105 1597 patente
1132 1550 1304 1586 arcuato
1331 1545 1492 1587 deflexa
1522 1545 1866 1597 oblongo-lineari

297 1598 550 1639 rectiuscula
568 1598 734 1650 oblique
750 1600 997 1639 mucronata
1009 1599 1102 1650 pilis
1121 1598 1213 1639 basi
1229 1599 1503 1639 tuberculatis
1518 1601 1680 1651 aspera,
1698 1598 1866 1639 seminis

299 1652 483 1703 squamis
504 1655 621 1691 arcte
639 1651 886 1691 imbricatis.

358 1721 451 1755 Hab.
471 1722 506 1754 in
524 1721 673 1765 Assyria
694 1721 788 1755 inter
808 1721 958 1755 Kerkuk
979 1726 1015 1755 et
1037 1720 1183 1755 Dubent
1202 1721 1212 1754 i
1232 1721 1365 1755 Basian
1384 1720 1597 1764 (Haussk.!).

222 1845 287 1889 83,
322 1843 380 1882 D.
404 1843 625 1889 ssavum,
649 1841 784 1882 adde:

361 1927 454 1962 Hab.
471 1928 506 1961 in
526 1928 743 1971 graminosis
760 1928 895 1962 Persiae
912 1927 1289 1962 austro—occidentalis
1309 1927 1354 1961 ad
1375 1927 1547 1962 Bebehan
1568 1927 1783 1970 (Hausslm).

222 2050 288 2094 85,
322 2048 381 2086 D.
406 2046 799 2094 Hohenackeri,
822 2045 930 2087 adde
952 2059 960 2086 :

361 2129 453 2163 Hab.
478 2130 514 2163 in
536 2129 774 2164 Kurdistania
797 2130 942 2164 Persica
962 2140 1076 2173 prope
1096 2130 1207 2165 Silina
1229 2135 1264 2164 et
1282 2130 1318 2164 in
1341 2134 1461 2164 monte
1481 2131 1603 2165 Sawus
1625 2130 1759 2164 Persiae
1777 2130 1867 2164 occi-

315 2176 470 2211 dentalis
490 2176 703 2219 (Haussk.!i.

221 2304 288 2349 86,
319 2303 415 2352 post
435 2301 494 2340 D.
518 2300 850 2340 halteratum
870 2300 1006 2341 insere
1028 2313 1035 2340 :

356 2389 414 2427 D.
437 2387 682 2438 lonqipes
703 2386 851 2438 (Moris
871 2387 934 2428 Fl.
959 2386 1080 2428 Sard.
1103 2387 1136 2436 I,
1160 2400 1200 2439 p.
1224 2387 1292 2439 59)
1314 2392 1500 2429 erectum
1516 2387 1735 2429 confertim
1755 2387 1871 2428 folia-

303 2445 392 2482 tum
409 2441 622 2493 junceum,
642 2440 817 2480 racemis
839 2440 1042 2492 elongatis
1063 2441 1296 2489 laxissimis,
1319 2441 1563 2493 pedunculis
1583 2441 1724 2493 calyce
1738 2441 1871 2481 multo

302 2493 572 2545 longioribus,
595 2492 702 2533 foliis
722 2494 893 2533 remotis
913 2494 1120 2545 plerisque
1139 2505 1249 2545 saepe
1277 2493 1478 2542 indivisis,
1506 2493 1742 2545 petalorum
1768 2493 1871 2534 late-

303 2547 453 2587 ralium
474 2546 629 2586 lamina
648 2546 881 2587 orbiculata
898 2546 960 2586 vel
976 2546 1155 2586 obovata
1168 2558 1308 2598 ungue
1321 2546 1520 2598 longiore,
1538 2558 1609 2587 car
1640 2546 1729 2586 ellis
1744 2546 1872 2598 pube-

302 2600 403 2693 Ellis
424 2599 541 2692 zffice
561 2598 873 2650 divergentibus
895 2601 958 2647 Θ.
982 2598 1040 2639 D.
1061 2599 1334 2651 pereqrinum
1353 2603 1391 2653 β.
1409 2598 1595 2652 lonqipes
1651 2599 1746 2640 oiss.
1766 2599 1867 2651 Voy.

343 2664 405 2704 sp.
474 2684 483 2700 ,
505 2664 546 2703 p.
573 2654 634 2692 12.

316 2771 328 2804 l
363 2722 457 2803 Iflab.
493 2723 528 2756 in
556 2722 675 2756 insula
700 2722 812 2756 Poros
839 2721 1008 2765 (Heldr.)‚
1042 2723 1221 2756 Messenia
1255 2722 1436 2766 ‹Sartori)‚
1469 2722 1628 2767 Cythera
1655 2723 1870 2766 (Spreitzen-

329 2780 363 2804 io
383 2780 448 2810 er).

365 2835 395 2868 E
422 2834 557 2868 ditione
586 2844 656 2867 non
686 2833 757 2867 vidi
788 2838 822 2867 et
846 2843 890 2867 ex
914 2833 960 2867 cl.
991 2832 1035 2867 de
1060 2832 1253 2867 Heldreich
1284 2834 1320 2867 in
1348 2833 1418 2868 litt.
1439 2838 1581 2868 tantum
1605 2843 1785 2868 enumero.
1812 2835 1870 2867 An

317 2889 374 2916 sat
394 2892 415 2915 a
434 2881 483 2915 D.
501 2881 677 2914 hallei-ato
695 2880 816 2914 differt
829 2882 846 2913 ἶ)

318 2992 339 3025 b
365 2944 606 3026 Aul-Geogr.
642 2945 829 2988 Hispania,
861 2944 1038 2985 Sardinia,
1068 2944 1199 2986 Sicilia,
1236 2954 1385 2989 regnum
1417 2943 1710 2988 Neapolitanum,
1746 2943 1871 2978 Africa

345 3003 429 3026 orea
448 3003 486 3026 is.
