2115 3250
192 190 343 236 Spiraea.
937 198 1115 223 nosilcnffi.
1794 187 1860 223 231

192 271 231 297 Pa
255 291 262 298 .

232 279 252 306 g
356 325 448 359 Hab.
469 325 516 359 ad
535 334 649 368 aquas
668 324 704 358 in
725 323 860 358 ditione
878 322 1015 357 Kuram
1036 322 1241 366 Affghaniae
1261 323 1404 356 7-9000'
1427 322 1558 365 (Aitch.
1581 324 1664 356 386!
1672 327 1692 361 ).

355 388 416 442 Sp.
446 388 634 431 sorbifolia
652 388 692 422 L.
714 387 836 422 differt
861 386 1033 431 carpellis
1054 386 1227 430 adpresse
1247 385 1529 429 pubescentibus
1556 386 1662 420 dorso
1690 397 1760 420 non
1787 397 1865 422 cos-

309 440 407 469 tatis.

355 497 420 532 Ar.
443 497 585 540 Geogr.
605 498 719 541 Regio
739 496 941 531 Himalaica
961 496 1196 531 occidentalis
1209 501 1424 539 temperata.

190 646 281 691 692,
315 644 502 683 Bubus
524 642 718 690 IdaeuS,
742 641 851 682 adde
871 654 879 681 :

352 713 445 748 Hab.
464 715 500 747 in
522 714 670 758 regione
689 713 814 757 alpina
833 713 1019 756 superiore
1039 712 1170 746 montis
1193 712 1286 745 OEtae
1308 710 1528 745 Phthiotidis
1552 713 1653 745 5800‘
1675 711 1862 754 (Heldr.!).

188 846 279 892 692,
310 846 408 883 ante
429 844 487 883 R.
520 843 745 883 caesium
764 842 901 883 insere
923 854 931 882 :

347 932 406 971 R.
445 931 639 970 niveus
676 929 824 980 (Wall.
864 929 958 970 Cat.
999 929 1100 980 734)
1140 928 1362 970 fruticosus
1406 928 1702 981 eglandulosus
1746 931 1862 969 totus

294 983 574 1031 tomentellus,
589 983 776 1024 caulibus
791 982 1016 1034 gracilibus
1030 981 1222 1023 flexuosis
1236 982 1483 1034 petiolisque
1499 982 1652 1022 aculeis
1666 981 1862 1022 brevibus

294 1036 477 1077 recurvis
497 1036 674 1088 sparsim
695 1035 854 1083 obsitis,
877 1034 1026 1075 foliolis
1053 1035 1183 1076 ternis
1208 1034 1588 1076 lobato-biserratis
1617 1034 1862 1075 lateralibus

291 1089 456 1141 oblique
476 1089 608 1129 ovatis
626 1088 875 1129 acuminatis
896 1088 1106 1128 terminali
1126 1088 1249 1139 longe
1267 1087 1513 1140 petiolulato
1537 1087 1862 1139 elliptico-ovato

291 1142 355 1183 vel
375 1141 561 1189 cordato,
584 1141 749 1193 stipulis
769 1140 1047 1189 filiformibus,
1071 1141 1275 1193 corymbis
1296 1140 1585 1181 terminalibus
1612 1144 1655 1181 et
1682 1139 1863 1180 axillari-

290 1195 369 1236 bus
400 1193 636 1246 paucifloris
668 1194 927 1242 tomentosis,
959 1194 1112 1246 calycis
1144 1194 1368 1234 tomentosi
1400 1193 1560 1234 laciniis
1595 1193 1861 1241 acuminatis,

289 1247 439 1300 petalis
459 1248 588 1288 roseis
614 1247 801 1287 obovatis
822 1246 963 1299 calyce
981 1246 1256 1294 brevioribus,
1280 1246 1472 1298 carpellis
1501 1246 1655 1287 villosis
1682 1246 1735 1297 15.

345 1320 382 1371 β.
413 1315 650 1357 Aitchz'soni
683 1315 781 1357 J.D.
816 1315 953 1356 Hook.
987 1314 1050 1356 Fl.
1084 1315 1191 1356 Brit.
1215 1315 1306 1356 Ind.
1340 1315 1394 1363 II,
1424 1328 1464 1367 p.
1501 1319 1591 1356 335.
1622 1339 1674 1343 -—
1703 1314 1863 1355 Foliola

292 1369 443 1410 latiora
455 1368 701 1421 profundius
715 1369 858 1410 lobata
870 1368 1115 1421 hypoleuca,
1129 1367 1289 1409 fructus
1304 1368 1686 1409 rubro-aurantiaci
1701 1367 1859 1408 edules.

349 1441 443 1475 Hab.
465 1440 511 1475 ad
531 1440 707 1476 Shendtoi
727 1441 833 1475 vallis
855 1440 992 1474 Kuram
1014 1439 1220 1484 Affghaniae
1239 1440 1374 1484 (Aitch.
1392 1441 1480 1474 422!
1501 1440 1614 1484 8041).

349 1506 458 1586 Ιῐῖαοίίἰᾳ
477 1511 511 1540 et
531 1505 703 1549 carpellis
720 1505 931 1539 tomentosis
951 1504 1065 1539 refert
1087 1505 1133 1539 R.
1151 1505 1393 1548 lasiocarpum
1413 1504 1548 1539 foliolis
1568 1506 1628 1539 5-9
1648 1505 1863 1548 caeterisque

303 1558 398 1587 notis
445 1553 639 1586 istinctum.

348 1615 415 1649 Ar.
438 1614 580 1657 Geogr.
597 1615 791 1659 Himalaya
810 1620 1016 1658 temperata
1035 1615 1159 1649 omnis.

344 1749 403 1788 R.
427 1759 737 1799 purpureus
758 1747 880 1799 (Bge.
909 1747 1063 1788 Enum.
1093 1747 1154 1788 Pl.
1184 1746 1305 1788 Chin.
1338 1750 1402 1788 24.
1427 1771 1476 1775 —
1497 1747 1594 1788 J.D.
1627 1746 1764 1788 Hook.
1795 1746 1858 1787 Fl.

290 1800 397 1841 Brit.
419 1800 512 1841 Ind.
536 1801 590 1849 II,
612 1813 652 1853 p.
677 1801 771 1852 337)
793 1800 1015 1841 fruticosus
1032 1800 1316 1852 glandulosus,
1339 1800 1466 1841 ramis
1485 1800 1709 1852 gracilibus
1728 1800 1862 1851 petio-

289 1854 422 1906 lisque
441 1858 596 1905 praeter
612 1853 768 1894 setulas
784 1852 1084 1905 glanduliferas
1105 1853 1258 1893 aculeis
1276 1853 1471 1894 tenuibus
1492 1853 1734 1905 patentibus
1754 1852 1862 1894 obsi-

289 1907 358 1955 tis,
382 1905 531 1947 foliolis
560 1907 690 1947 ternis
711 1906 900 1957 oblongis
920 1905 985 1947 vel
1004 1906 1137 1946 ovatis
1159 1906 1292 1946 acutis
1313 1910 1435 1947 acute
1456 1905 1863 1958 duplicato-serratis

286 1971 466 2012 superne
486 1959 642 2011 glabris
662 1959 812 1999 subtus
832 1959 947 1999 canis
977 1958 1186 1999 terminali
1212 1959 1473 2010 petiolulato,
1502 1959 1667 2011 stipulis
1693 1958 1863 1999 subula-

288 2012 357 2060 tis‚
381 2012 510 2063 cymis
540 2011 779 2052 axillaribus
799 2010 1052 2063 paucifloris,
1079 2011 1251 2052 floribus
1271 2012 1515 2063 pedunculis
1542 2011 1798 2063 glandulosis
1819 2015 1863 2052 et

289 2065 455 2105 aciculis
476 2065 620 2105 obsitis
641 2065 846 2116 elongatis
865 2063 1048 2105 suffultis
1068 2064 1331 2113 nutantibus,
1354 2065 1506 2117 calycis
1530 2064 1798 2116 pubescentis
1819 2068 1862 2105 et

288 2117 449 2158 inferne
469 2117 663 2158 aciculati
691 2117 852 2158 laciniis
877 2117 1000 2169 longe
1019 2120 1062 2157 et
1088 2117 1272 2158 tenuiter
1291 2118 1555 2166 acuminatis,
1579 2118 1728 2169 petalis
1753 2117 1863 2158 orbi-

290 2171 438 2211 culatis
460 2170 600 2223 calyce
616 2170 861 2219 minoribus,
885 2169 1077 2222 carpellis
1096 2169 1422 2222 pubescentibus
1457 2185 1482 2221 5
1500 2202 1509 2210 .

347 2242 441 2276 Hab.
462 2242 509 2276 ad
530 2242 679 2276 limitem
700 2242 922 2285 superiorem
943 2241 1114 2276 arborum
1135 2242 1171 2275 in
1193 2241 1295 2275 distr.
1316 2241 1454 2276 Kuram
1484 2247 1520 2275 et
1545 2241 1682 2276 Hariab
1711 2240 1863 2285 Affgha·

300 2290 368 2323 niae
390 2289 526 2333 (Aitch.
544 2291 611 2323 765
622 2289 656 2331 ἱ).

349 2352 539 2433 Faciieis.
560 2353 653 2387 Idaei
667 2353 830 2397 quamvis
847 2352 1122 2387 characteribus
1136 2352 1181 2387 ab
1197 2363 1238 2387 eo
1253 2353 1403 2387 alienus.
1422 2353 1576 2387 Fructus
1595 2353 1715 2396 magni
1731 2363 1862 2387 auran-

299 2400 387 2434 tiaci
404 2410 422 2434 e
450 2411 472 2433 u
492 2410 540 2434 es.

348 2461 416 2496 Ar.
439 2461 581 2504 Geogr.
602 2462 795 2507 Himalaya
815 2462 1062 2507 occidentalis,
1079 2463 1234 2507 Tibetia,
1253 2463 1379 2498 China.

183 2607 274 2653 693,
309 2605 367 2645 R.
391 2604 758 2655 glandulosuS‚
782 2604 890 2645 adde
913 2616 921 2645 ε

346 2693 441 2727 Hab.
460 2693 496 2726 in
513 2692 611 2727 silvis
626 2693 793 2727 abietinis
813 2693 945 2727 montis
965 2693 1190 2738 Kitirlidagh
1211 2704 1322 2738 supra
1346 2694 1514 2728 Brussam
1541 2693 1716 2735 (Pichlerl
1743 2693 1861 2728 forma

300 2740 435 2774 aculeis
454 2741 673 2774 tenuissimis
690 2740 960 2783 piliformibus).

346 2804 451 2838 Varr.
471 2804 499 2842 β.
519 2804 787 2848 platyphyllum
807 2810 846 2838 ut
865 2805 1020 2848 speciem
1042 2805 1227 2848 propriam
1249 2810 1284 2839 et
1304 2816 1334 2847 γ.
1357 2810 1599 2840 canescentem
1625 2804 1690 2839 sub
1717 2805 1861 2839 nomine

299 2851 344 2885 R.
380 2850 565 2886 Caucasia·
601 2851 791 2894 descripsit
823 2851 867 2885 cl.
900 2852 1021 2886 Focke
1055 2852 1202 2895 Batogr.
1235 2851 1420 2886 Abhandl.
1453 2863 1486 2895 p.
1522 2854 1586 2886 183
1617 2859 1655 2886 ut
1689 2858 1723 2886 et
1752 2851 1857 2886 binas

299 2898 438 2941 species
458 2904 651 2942 sequentes
674 2899 760 2932 mihi
777 2909 847 2932 non
871 2899 965 2932 visas
986 2904 1022 2933 et
1041 2899 1193 2942 probab.
1214 2898 1259 2933 ad
1281 2899 1415 2933 formas
1435 2899 1482 2934 R.
1503 2900 1704 2943 tomentosi,
1724 2899 1770 2933 R.
1791 2900 1859 2934 col—

299 2945 368 2979 lini
384 2945 440 2980 vel
461 2945 506 2979 R.
528 2945 715 2979 discolori-s*
733 2945 959 2980 reducendas
980 2958 987 2979 z
