2115 3250
225 211 447 256 Asu-affatus.
933 222 1180 247 LEGUMINOSAE.
1825 214 1891 252 179

221 289 293 323 Pag.

330 342 517 383 obovatis
548 342 706 383 obtusis
739 342 803 383 vel
833 343 985 383 retusis
1014 343 1282 394 petiolulatis,
1311 343 1474 394 stipulis
1503 343 1744 386 lanceolatis
1764 358 1892 387 mem-

330 395 561 443 branaceis,
584 394 731 435 florum
752 395 934 447 capitulo
953 395 1084 435 sessili
1105 394 1211 435 foliis
1238 400 1280 436 et
1306 396 1468 447 stipulis
1489 397 1759 446 involucrato,
1784 399 1892 451 caly-

331 448 388 488 cis
408 447 554 488 crebre
581 447 843 488 albo-hirsuti
873 447 1067 488 dentibus
1100 447 1471 488 lineari-stibulatis
1501 449 1601 489 tubo
1633 450 1890 502 aequilongis,

332 500 484 540 corolla
503 500 618 540 lutea
637 499 776 552 calyce
795 500 862 540 vix
880 500 1080 552 longiore,
1104 501 1242 541 ovario
1262 501 1453 552 stipitato
1474 501 1744 543 albo-sericeo
1767 503 1893 554 pluri-

330 552 512 600 ovulato,
536 552 743 604 legumine
749 584 828 593 .....

390 621 483 655 Hab.
501 622 536 655 in
553 622 684 665 pinetis
705 622 749 656 ad
771 622 950 656 Biankhel
976 622 1081 657 vallis
1107 622 1245 657 Kuram
1273 622 1478 666 Affghaniae
1500 623 1634 666 (Aitch.
1655 626 1715 658 60!
1736 625 1772 659 in
1791 625 1893 660 herb.

344 679 421 702 meo
440 673 475 703 et
495 671 573 712 488,
588 671 656 703 510
676 679 719 703 ex
737 669 862 703 Journ.
880 670 983 703 Linn.
1005 669 1109 713 Soc.).

391 732 494 766 Folia
511 734 568 766 2-3
589 733 751 776 pollices,
772 732 898 767 foliola
916 735 975 767 3-4
998 733 1112 768 lineas
1140 733 1260 777 longa,
1281 732 1386 777 calyx
1409 735 1430 767 6
1450 733 1564 768 lineas
1589 734 1727 778 longus,
1754 735 1896 770 omnino

345 778 456 813 facies
473 784 509 813 et
525 780 754 814 characteres
767 780 1028 824 Myobromatis
1047 784 1180 823 praeter
1197 780 1351 823 stipulas
1365 790 1445 824 quae
1463 791 1483 814 a
1501 781 1638 824 petiolo
1657 781 1781 815 liberae
1802 788 1896 816 sunt.

227 905 319 951 284,
353 904 410 944 A.
432 904 847 952 Alexandrinus,
871 903 978 945 adde
1001 917 1009 944 :

392 986 484 1020 Hab.
502 987 537 1020 in
558 986 669 1021 aridis
685 988 857 1021 montosis
878 988 986 1031 Cypri
1006 998 1120 1031 prope
1140 987 1316 1032 Kythraea
1335 987 1436 1031 (Sint.
1460 993 1495 1022 et
1516 987 1647 1032 Rigol).

387 1071 423 1122 β.
456 1067 675 1121 elonqatus
696 1067 879 1120 (Bai-bey
899 1068 1029 1109 Herb.
1051 1068 1227 1117 Levant,
1250 1081 1291 1120 p.
1319 1072 1406 1117 131,
1426 1069 1513 1110 tab.
1532 1070 1586 1119 5).
1605 1069 1898 1111 —Pedunculi

335 1120 534 1172 elongati,
555 1132 746 1162 racemus
766 1121 859 1161 laxe
880 1120 1107 1169 3-4-florus,
1132 1121 1285 1162 corolla
1298 1120 1546 1163 fuscescens.

394 1190 486 1225 Hab.
508 1190 553 1225 ad
571 1191 633 1225 Bir
648 1196 683 1225 et
703 1190 798 1226 Saba
818 1190 956 1225 Judaeae
974 1191 1146 1225 australis
1166 1191 1322 1236 (Barbey
1335 1191 1368 1235 l).

227 1317 321 1363 285,
354 1315 413 1354 A.
437 1325 859 1365 purpurascens‚
883 1313 990 1354 adde
1013 1327 1021 1354 ε

394 1397 487 1432 Hab.
523 1399 558 1432 in
592 1398 688 1432 valle
724 1397 861 1432 Kuram
894 1397 1098 1442 Affghaniae
1129 1398 1224 1432 inter
1252 1398 1478 1434 Habibkalla
1513 1405 1548 1434 et
1577 1400 1742 1435 Sikaram
1777 1403 1901 1436 15000'

351 1444 486 1488 (Aitch.
507 1446 566 1489 81)
590 1445 684 1488 (Non
704 1445 799 1488 vidi).

231 1579 324 1625 286,
356 1580 451 1628 post
469 1578 525 1616 A.
546 1577 854 1616 modestum
875 1576 1011 1617 insere
1033 1589 1041 1616 :

390 1665 449 1704 A.
486 1664 933 1714 erythrosemiuS‚
968 1663 1260 1715 glaberrimus‚
1286 1663 1515 1706 rhizomate
1540 1664 1736 1706 indurato
1766 1677 1905 1706 ramos

338 1717 554 1768 elongatos
585 1716 717 1757 nudos
742 1716 1064 1769 procumbentes
1098 1715 1262 1765 edente,
1301 1716 1407 1758 foliis
1440 1717 1493 1758 ad
1525 1730 1737 1759 ramorum
1766 1719 1905 1770 apices

336 1770 533 1810 rosulatis
559 1770 763 1821 elongatis
792 1768 878 1810 fere
906 1781 930 1809 a
954 1769 1045 1810 basi
1074 1769 1334 1821 15-2o-jugis,
1363 1769 1511 1811 foliolis
1536 1771 1717 1812 minimis
1749 1771 1905 1812 dissitis

337 1822 593 1874 petiolulatis
613 1822 948 1874 ovato-ellipticis
969 1822 1144 1871 obtusis,
1164 1822 1328 1874 stipulis
1352 1823 1682 1864 membranaceis
1702 1824 1907 1865 lanceola-

338 1875 407 1924 tis,
440 1875 617 1916 racemis
655 1874 946 1916 terminalibus
977 1875 1190 1916 sessilibus
1227 1875 1492 1925 10-15-floris‚
1526 1876 1710 1918 bracteis
1743 1877 1907 1918 lineari-

338 1927 597 1976 lanceolatis,
619 1928 830 1980 pedicellis
852 1927 992 1980 calyce
1012 1927 1181 1969 dimidio
1200 1928 1475 1977 brevioribus,
1494 1929 1645 1981 calycis
1666 1929 1907 1981 glaber-rimi

339 1980 534 2021 dentibus
555 1985 734 2031 anguste
753 1980 996 2021 lanceolatis
1018 1981 1119 2021 tubo
1140 1981 1264 2033 triplo
1289 1981 1563 2030 brevioribus,
1585 1983 1733 2023 vexillo
1753 1995 1907 2035 purpu-

338 2037 531 2075 rascente
551 2033 989 2085 oblongo—spathulato
1011 2037 1153 2074 retuso
1182 2034 1322 2086 calyce
1343 2035 1671 2086 sesquilongiore
1699 2035 1786 2076 alas
1813 2036 1907 2077 sub-

338 2090 578 2138 superante,
613 2087 721 2137 stylo
755 2086 1021 2138 glaberrimo,
1053 2086 1333 2137 leguminibus
1365 2088 1503 2139 parvis
1537 2088 1800 2139 glaberrimis
1826 2100 1907 2129 non

340 2139 541 2191 stipitatis
580 2139 746 2191 oblique
781 2139 1172 2191 oblongo-ellipticis
1203 2140 1460 2181 mucronatis
1493 2141 1738 2193 compressis
1773 2145 1909 2182 trans-

339 2204 457 2233 verse
477 2191 685 2243 rugulosis
706 2195 764 2239 Q.
790 2191 844 2233 A.
867 2191 1122 2233 rlzizantlms
1140 2192 1278 2233 Aitch.
1299 2205 1384 2234 exs.
1408 2205 1455 2234 ex
1476 2198 1611 2245 parte,
1634 2206 1716 2234 non
1734 2194 1879 2247 Royle.

399 2263 492 2298 Hab.
513 2265 549 2306 in
569 2264 701 2308 pinetis
722 2264 768 2298 ad
797 2264 1027 2298 Pewarkotal
1055 2264 1161 2299 vallis
1190 2264 1328 2299 Kuram
1358 2265 1562 2309 Affghaniae
1592 2265 1726 2309 (Aitch.
1757 2267 1840 2300 237!
1876 2271 1910 2300 et

352 2313 418 2345 441
437 2312 571 2346 mixtus
592 2322 670 2345 cum
690 2312 736 2346 A.
755 2311 988 2355 rhizmzthol).

400 2370 624 2404 Rhizomatis
647 2370 737 2404 rami
766 2369 994 2404 subterranei
1020 2369 1266 2404 horizontales
1292 2371 1571 2414 2-4-pollicares,
1593 2371 1681 2405 folia
1707 2373 1767 2405 4-5
1796 2372 1910 2406 lineas

354 2417 463 2461 longa
484 2417 618 2451 foliolis
639 2419 659 2450 2
678 2417 790 2451 lineas
812 2417 939 2460 longis,
969 2416 1076 2451 flores
1103 2419 1162 2451 6-7
1188 2417 1302 2451 lineas
1330 2418 1438 2462 longi,
1465 2418 1631 2461 legumen
1652 2420 1672 2451 7
1699 2418 1813 2452 lineas
1834 2419 1910 2452 lon-

353 2475 435 2507 gum
454 2466 474 2497 2
493 2463 525 2504 ¹s2
551 2464 675 2498 latum.
694 2463 793 2498 Nihil
811 2464 879 2498 nisi
898 2474 1060 2498 racemos
1078 2463 1257 2498 radicales
1278 2475 1464 2499 commune
1481 2465 1591 2499 habet
1608 2476 1686 2499 cum
1704 2467 1750 2500 A.
1769 2466 1910 2499 rlzizan·

356 2512 415 2545 tho
432 2511 556 2556 Royle.
577 2510 708 2545 Affinis
723 2513 769 2545 A.
786 2511 940 2545 modesto
961 2510 1095 2545 foliolis
1113 2512 1275 2555 angustis
1291 2517 1327 2546 et
1342 2512 1521 2555 legumine
1542 2512 1706 2546 breviore
1727 2512 1909 2547 distincto.

236 2627 330 2665 291.
361 2626 420 2665 A.
441 2625 771 2673 Anatolicus,
794 2624 904 2666 adde
923 2638 930 2666 :

402 2707 495 2741 Hal).
517 2707 562 2741 ad
582 2708 745 2742 Renkoei
761 2707 914 2742 Troadis
935 2708 1036 2749 (Sint.
1051 2709 1091 2742 91
1105 2708 1138 2752 !).
1154 2709 1200 2743 A.
1220 2707 1410 2743 Schmz'dtii
1429 2709 1553 2744 Heldr.
1574 2720 1647 2744 exs.
1665 2709 1722 2752 (ex
1740 2709 1909 2744 Aschers.

360 2759 395 2788 et
417 2754 532 2798 Sint.).
552 2755 740 2798 Specimen
758 2755 818 2789 .eis
837 2755 950 2800 Sipyli
974 2760 1010 2789 et
1033 2755 1149 2791 Tmoli
1167 2755 1292 2790 simile.

238 2882 331 2927 293,
364 2883 458 2930 post
478 2880 537 2919 A.
560 2880 924 2920 lanceolatum
943 2880 1080 2921 insere
1103 2893 1110 2920 :

397 2967 454 3006 A.
496 2966 815 3006 rhizanthus
854 2966 1002 3018 (Royle
1040 2967 1103 3007 Ill.
1137 2967 1230 3017 200)
1266 2967 1436 3015 acanus,
1472 2967 1701 3008 rhizomate
1730 2967 1916 3008 breviter
