2094 3351
198 248 267 284 262

195 331 266 365 rag.

200 396 292 441 965,

891 259 1163 284 munerun-seme.
1741 246 1860 283 Seseli.

323 397 418 445 post
438 393 609 433 Seseli
628 392 977 433 Tommasinii
996 392 1132 433 insere
1154 405 1162 433 ε

364 481 415 521 S.
439 480 705 521 iilifolium
726 479 884 530 (Janka
903 480 1025 520 Brev.
1048 479 1102 528 II,
1126 492 1166 532 p.
1191 479 1231 531 5)
1253 479 1439 521 caulibus
1466 478 1621 531 glabris
1643 477 1869 530 gracilibus

305 545 484 585 superne
504 533 650 573 stricte
677 537 719 573 et
738 532 922 573 breviter
951 532 1227 580 2-3-ramosis,
1251 531 1356 573 foliis
1385 531 1647 584 glaberrimis
1678 530 1870 571 radicali-

306 585 383 626 bus
405 586 634 626 numerosis
654 585 814 625 ambitu
836 585 919 625 late
939 584 1267 636 triangularibus
1287 585 1329 625 in
1356 584 1527 625 lacinias
1559 583 1704 635 longas
1735 583 1870 623 tenui-

307 643 372 679 ter
416 638 628 678 filiformes
676 638 873 678 ternatim
921 637 1269 689 bipinnatisectis,
1317 637 1490 677 caulinis
1537 635 1869 688 paucilaciniatis

306 691 465 741 vaginis
487 691 677 741 angustis
705 690 996 738 insidentibus,
1026 689 1217 731 umbellae
1251 689 1378 731 radiis
1402 692 1492 730 6·ss
1524 688 1719 730 brevibus
1748 687 1871 728 hirtis

305 743 635 795 subaequalibus,
679 743 888 783 involucro
934 742 1069 790 nullo,
1117 741 1350 783 involucelli
1387 741 1537 794 phyllis
1582 744 1692 782 9-10
1728 740 1870 781 liberis

308 800 486 847 anguste
525 795 1002 836 lanceolam-linearibus
1039 794 1288 836 acuminatis
1328 794 1581 835 tomentellis
1619 793 1870 834 umbellulas

308 848 457 889 densas
484 848 819 899 hemisphaericas
845 847 1203 900 subaequantibus,
1237 847 1387 899 petalis
1419 846 1539 895 albis,
1571 846 1711 887 ovario
1743 845 1871 887 (161136

309 901 567 949 1011161116110,
590 900 727 941 fructu
735 932 814 941 .....
843 904 902 946 Ql.

367 972 460 1006 Hab.
481 973 516 1005 in
537 972 763 1016 rupestribus
784 972 958 1006 calcareis
983 972 1148 1006 Thraciae
1173 971 1218 1005 ad
1239 971 1380 1005 radices
1399 971 1515 1005 Haemi
1541 971 1636 1005 inter
1662 968 1814 1004 Kalofer
1835 974 1871 1004 et

318 1019 475 1063 Schipka
489 1029 558 1052 non
575 1019 701 1062 procul
722 1018 767 1053 ab
786 1018 874 1053 urbe
893 1019 1070 1053 Kasanlik
1089 1019 1222 1062 (Janka
1235 1018 1270 1062 1).
1291 1018 1346 1052 Fl.
1363 1019 1509 1052 ineunte
1528 1019 1704 1061 Augusto.

364 1083 594 1126 Semipedale
618 1088 653 1117 et
674 1083 815 1126 pedale,
839 1083 927 1117 folia
951 1094 1021 1117 non
1043 1089 1081 1117 nt
1102 1084 1137 1116 in
1158 1083 1193 1118 S.
1221 1087 1393 1117 montano
1419 1087 1455 1117 et
1483 1082 1585 1117 vario
1614 1081 1782 1126 oblonga,
1807 1080 1871 1115 sed

319 1130 393 1164 late
424 1130 663 1173 triangular-ia
689 1136 725 1164 et
757 1131 895 1164 laciniis
927 1131 1142 1164 tenuissimis
1175 1130 1291 1173 longis
1317 1129 1353 1164 S.
1375 1129 1509 1174 yracile
1534 1129 1676 1163 omnino
1707 1128 1872 1162 referens

317 1176 465 1211 floribus
491 1177 597 1211 luteis
618 1177 818 1220 ovariisque
837 1176 1066 1221 glaberrimis
1085 1184 1254 1211 caeterum
1275 1176 1382 1211 valde
1402 1177 1576 1220 alienum3
1597 1175 1708 1210 affine
1729 1185 1873 1219 quoque

320 1223 356 1258 S.
379 1224 574 1258 tenuisecto
594 1224 706 1267 Regel
728 1229 762 1258 et
782 1223 964 1259 Schmalh.

202 1359 294 1405 966,
330 1357 381 1397 S.
409 1357 757 1407 caespitosum
782 1371 790 1398 z
813 1357 864 1397 ob
886 1356 1067 1398 fructum
1089 1356 1305 1398 evidenter
1324 1368 1348 1397 a
1373 1356 1506 1397 latere
1527 1367 1808 1408 compressum
1829 1359 1873 1396 et

306 1410 556 1460 mericarpia
586 1409 979 1462 elongato-oblonga
1004 1409 1093 1451 haec
1119 1410 1278 1462 species
1305 1408 1359 1450 ad
1393 1408 1551 1452 Carum
1579 1407 1875 1450 transferenda

306 1466 385 1503 est.
410 1461 514 1502 Vide
533 1473 661 1513 supra
677 1474 717 1513 p.
741 1465 833 1503 256.

200 1604 292 1649 967,
329 1601 378 1641 S.
402 1600 670 1641 Libanotii
693 1613 701 1640 :

364 1689 431 1723 Ar.
454 1688 610 1732 Geogr„
631 1688 724 1723 adde
742 1702 749 1722 :
770 1688 895 1723 Africa
918 1688 1075 1724 borealis
1097 1690 1132 1723 in
1152 1689 1278 1734 Regno
1300 1690 1518 1724 Maroceano
1534 1690 1730 1733 (Cossonl).

197 1823 290 1868 970,
323 1820 691 1860 Athamantha
714 1819 1076 1868 Macedonica,
1099 1819 1232 1860 adde:

364 1908 455 1943 Hab.
478 1908 523 1943 ad
541 1908 677 1952 Hagios
694 1908 914 1942 Athanasios
932 1907 1058 1942 insulae
1079 1908 1244 1953 Corcyrae
1266 1908 1498 1953 (Letourn.!).

201 2044 294 2089 970,
324 2045 416 2092 post
436 2041 497 2079 A.
527 2039 932 2079 Macedonicam
954 2039 1091 2079 insere
1113 2051 1122 2079 :

359 2129 417 2168 A.
443 2128 804 2168 arachnoidea
825 2127 977 2179 (Boiss.
1001 2132 1043 2167 et
1064 2126 1194 2178 Orph.
1217 2127 1259 2167 in
1280 2126 1410 2179 Orph.
1438 2139 1523 2169 exs.
1554 2127 1672 2178 1870)
1693 2127 1873 2180 crispule

307 2180 550 2221 tomentella
570 2192 688 2228 cana,
712 2180 830 2221 caule
850 2191 989 2221 crasso
1011 2179 1120 2220 elato
1143 2179 1229 2220 fere
1255 2192 1280 2220 a
1307 2180 1397 2220 basi
1434 2180 1706 2232 paniculatim
1737 2192 1872 2221 ramo-

307 2233 483 2281 sissimo,
507 2232 613 2273 foliis
634 2233 886 2273 radicalibus
907 2233 1029 2285 longe
1054 2232 1265 2285 petiolatis
1292 2232 1440 2284 amplis
1461 2233 1622 2274 ambitu
1642 2234 1752 2274 trian
1786 2233 1872 2273 1113-

307 2285 421 2327 ribus
459 2286 807 2337 bipinnatisectis,
848 2286 1075 2327 secmentis
1115 2285 1262 2337 amplis
1295 2285 1551 2337 petiolulatis
1584 2289 1625 2326 et
1658 2286 1759 2327 sessi
1778 2285 1872 2327 ibus

309 2339 441 2379 ovatis
462 2338 550 2379 basi
571 2338 834 2379 subeor-datis
854 2317 919 2379 veff
939 2338 1127 2379 cuneatis
1148 2349 1291 2390 grosse
1313 2342 1356 2378 et
1375 2338 1659 2379 obtusiuscule
1688 2338 1871 2379 dentatis

306 2402 362 2432 sae
395 2404 416 2432 6
444 2391 619 2439 trilobis‚
652 2390 757 2431 foliis
791 2391 963 2432 caulinis
996 2392 1034 2431 in
1066 2395 1284 2443 segmenta
1314 2402 1449 2443 pauca
1478 2403 1608 2443 parva
1640 2390 1778 2432 divisis
1809 2391 1872 2432 vel

307 2445 365 2484 111(
381 2444 506 2491 1111313,
529 2444 723 2495 panicula
743 2444 998 2496 amplissima
1021 2446 1110 2484 tota
1139 2455 1232 2485 cum
1252 2444 1378 2484 ramis
1399 2448 1442 2485 et
1467 2443 1638 2485 ramulis
1666 2443 1760 2496 pilis
1786 2455 1872 2485 cre-

305 2497 391 2538 bris
429 2496 671 2548 patentibus
709 2496 892 2548 hispida,
932 2497 1124 2537 umbellis
1163 2497 1510 2538 numerosissimis
1549 2496 1872 2538 6-lO-radiatis

306 2548 433 2590 radiis
459 2549 668 2596 brevibus,
701 2549 900 2590 involucri
933 2550 1249 2602 involucellique
1280 2549 1430 2602 phyllis
1462 2549 1872 2591 lineari-lanceolatis

305 2602 568 2650 acuminatis,
601 2601 740 2642 fructu
773 2602 900 2643 (161136
928 2602 1090 2654 hispido
1119 2603 1297 2655 oblongo
1333 2603 1450 2654 apice
1479 2603 1600 2644 valde
1632 2607 1869 2650 attenuato,

304 2654 548 2707 stylopodiis
587 2654 692 2694 albis
731 2654 852 2707 longe
887 2655 1040 2696 conicis
1077 2656 1118 2695 in
1154 2656 1282 2708 stylos
1320 2655 1465 2707 longos
1499 2655 1678 2697 deflexos
1716 2655 1872 2696 abeun-

306 2707 418 2748 tibus
437 2710 500 2755 Q).

363 2778 456 2812 Hab.
472 2778 517 2812 ad
533 2789 640 2821 rupes
655 2781 775 2821 Aspra
790 2779 903 2822 Spilia
920 2779 1035 2813 dictas
1049 2780 1180 2813 montis
1197 2779 1348 2824 Taygeti
1366 2779 1534 2814 Laconiae
1550 2778 1695 2822 (Orpli.!
1711 2778 1824 2813 Pichl.
1836 2779 1870 2821 l).

364 2843 495 2877 Planta
522 2843 661 2886 pedalis
690 2843 745 2877 vel
775 2843 1051 2887 sesquipedalis.
1078 2844 1223 2887 Species
1243 2844 1351 2878 valde
1377 2843 1497 2879 affinis
1517 2845 1563 2878 A.
1584 2843 1830 2878 Macedoniae
1851 2854 1872 2878 a

317 2892 389 2934 qua
410 2890 577 2933 specifice
599 2890 744 2924 differre
763 2890 903 2924 videtur
922 2890 1088 2925 soliorum
1109 2892 1302 2935 segmentis
1329 2891 1439 2934 duplo
1466 2890 1663 2935 majoribus
1690 2890 1871 2934 1-2-polli-

316 2937 471 2980 caribus,
498 2937 706 2970 indumento
735 2938 862 2980 patulo
892 2937 1001 2972 denso
1032 2939 1143 2972 totins
1171 2939 1286 2982 partis
1316 2939 1524 2982 superioris,
1555 2937 1676 2972 fructu
1708 2937 1872 2981 longiore

316 2995 471 3028 superne
491 2985 604 3027 magis
625 2989 824 3018 attenuato.
