2115 3250
214 211 384 247 Peltaria.
933 220 1152 245 cuucmEnAE.
1837 210 1878 244 57

212 293 281 327 Peg.

376 345 612 389 Semipedalis
630 345 686 380 vel
704 355 830 388 parum
851 345 990 388 elatior,
1009 344 1098 379 folia
1116 345 1257 388 majora
1281 346 1333 378 l-l
1353 343 1387 385 'l⁴
1411 344 1499 387 poll.
1518 344 1626 387 longa
1646 345 1705 377 6-7
1727 344 1786 377 lin.
1806 344 1880 378 lata

329 393 567 427 obtusissima.
596 392 754 428 Siliculae
787 393 845 426 5-6
863 392 976 426 lineas
997 391 1125 435 longae.
1151 393 1183 425 A
1209 391 1250 425 P.
1278 390 1548 426 Caramam'ensi
1573 390 1694 424 radice
1721 392 1882 433 perenni,

329 440 496 474 foliorum
513 439 630 474 forma
651 438 813 474 discedit.
833 439 873 472 P.
895 438 1051 473 Aucheri
1067 438 1163 473 foliis
1180 438 1365 473 sessilibus
1385 437 1626 481 integerrimis
1644 437 1763 471 distat.

371 563 429 601 P.
472 561 910 602 Caramaniensis
948 559 1103 612 (Sibth.
1140 561 1181 601 in
1219 560 1338 601 herb.
1373 559 1535 611 Banks)
1570 559 1731 611 glabra,
1766 560 1883 599 caule

317 618 456 655 erecto
492 614 699 666 patentim
737 625 916 662 ramoso,
959 613 1065 654 foliis
1104 613 1332 654 carnosulis
1377 612 1635 664 longiuscule
1672 611 1883 664 petiolatis

316 667 477 707 ambitu
514 666 846 718 oblongo-ovatis
880 666 922 706 in
960 665 1132 706 lacinias
1169 669 1348 717 anguste
1385 665 1562 705 lineares
1596 665 1804 716 pinnatim
1843 669 1883 704 et

317 719 566 771 bipinnatim
593 719 732 766 sectis,
756 718 915 759 laciniis
943 718 1200 759 secundariis
1230 718 1495 764 brevissimis,
1526 716 1696 758 fioribus
1726 728 1884 768 corym-

315 772 440 820 bosis,
462 772 613 824 petalis
634 771 787 824 pallide
806 771 934 812 roseis
955 771 1158 819 obovatis‚
1181 771 1356 811 racemis
1377 768 1602 811 fructiferis
1629 769 1881 816 laxiusculis‚

316 825 485 865 siliculis
519 824 732 876 pedicellis
766 823 958 876 pendulis
990 823 1233 875 aequilongis
1271 822 1452 864 suffultis
1495 822 1686 874 ellipticis
1725 822 1885 862 obtusis

316 880 494 928 anguste
513 877 776 928 marginatis,
798 877 998 928 stigmate
1015 876 1161 924 sessili,
1183 876 1341 917 semine
1361 879 1540 926 anguste
1559 875 1796 926 marginato
1819 877 1881 923 Θ.

316 929 487 971 Rz‘cotz'a
506 928 733 982 tenm'folz'a
754 928 890 970 Sibth.
919 928 982 969 Fl.
1012 928 1148 970 Graec.
1178 928 1266 969 tab.
1302 932 1392 969 630.
1430 951 1481 956 -—
1512 928 1644 968 Boiss.
1668 926 1730 967 Fl.
1754 926 1825 968 Or.
1849 926 1882 974 Ι,

315 995 354 1034 p.
379 985 470 1024 255.

374 1048 467 1082 Hab.
485 1048 521 1082 in
541 1048 654 1092 Lycia
674 1047 835 1092 (Sibth.).

373 1106 427 1142 Ob
445 1106 660 1141 affinitatem
675 1116 755 1140 cum
769 1106 890 1149 specie
907 1105 1136 1149 praecedente
1153 1110 1188 1140 et
1208 1105 1386 1139 siliculam
1401 1114 1688 1148 monospermam
1704 1109 1740 1138 et
1753 1104 1883 1146 margi—

326 1160 447 1188 natam
473 1153 617 1197 dictam,
634 1153 716 1187 ideo
739 1153 1022 1187 indehiscentem
1043 1153 1163 1196 potius
1180 1153 1274 1186 inter
1297 1152 1474 1186 Peltarias
1494 1162 1601 1195 quam
1616 1152 1710 1185 inter
1724 1150 1887 1185 Ricotias

328 1201 407 1235 haec
426 1201 564 1245 species
583 1200 726 1244 militat,
745 1201 937 1234 transitum
955 1204 1077 1234 tamen
1097 1200 1191 1234 inter
1210 1199 1289 1233 haec
1309 1209 1443 1243 genera
1464 1199 1642 1242 praebens.

214 1327 304 1372 310,
338 1323 590 1375 clypeola
609 1323 887 1374 lappacea,
909 1321 1017 1363 adde
1041 1335 1049 1362 :

215 1525 288 1564 312

212 1967 287 2005 318

373 1400 466 1435 Hab.
484 1401 520 1435 in
539 1401 805 1444 Mesopotamia
820 1410 936 1444 prope
952 1399 1097 1434 Mardin
1115 1405 1151 1434 et
1171 1398 1260 1434 Orfa
1284 1399 1453 1442 (Haussk.
1465 1399 1499 1442 !).

296 1555 304 1569 ‚
337 1521 615 1563 camelina
635 1521 866 1572 hispida,
888 1519 997 1561 adde
1020 1533 1028 1560 z

374 1598 467 1633 Hab.
488 1598 524 1632 in
544 1598 673 1633 vinetis
687 1597 964 1641 Mesopotamiae
981 1607 1095 1641 prope
1113 1596 1203 1632 Orsa
1224 1596 1393 1641 (Haussk.
1405 1598 1440 1636 Ξ).

294 1752 301 1767 ,
335 1721 388 1760 C.
411 1720 675 1767 anomala,
700 1718 809 1760 adde
831 1731 839 1759 :

330 1795 536 1887 (HHab.ki'13
571 1795 714 1830 deserto
743 1795 1017 1839 Mesopotamiae
1043 1795 1138 1829 inter
1169 1793 1325 1838 Mardin,
1356 1793 1557 1829 Meschkak
1590 1797 1624 1827 et
1650 1793 1722 1827 Ras
1751 1793 1784 1827 el
1817 1793 1888 1826 Ain

379 1853 463 1877 auss
495 1870 519 1876 ..
541 1870 548 1876 .

293 1997 302 2013 ,
336 1965 744 2016 Didymophysa
763 1963 1014 2011 Aucheri,
1037 1962 1145 2003 adde
1165 1975 1174 2002 :

375 2041 469 2076 Hab.
489 2042 526 2076 in
545 2041 719 2086 lapidosis
736 2041 866 2075 montis
886 2041 970 2075 Kuh
988 2040 1066 2075 Nur
1085 2041 1219 2075 Persiae
1240 2039 1352 2074 occid.
1376 2040 1499 2074 13000‘
1521 2039 1735 2082 (Haussk.!).

214 2166 304 2211 322,
335 2163 554 2214 Thlaspi
573 2162 878 2210 latifolium,
900 2161 1010 2202 adde
1033 2174 1041 2201 :

374 2239 468 2274 Hab.
485 2240 522 2274 in
541 2239 695 2274 collibus
712 2239 884 2273 silvaticis
902 2239 1009 2273 Ponti
1026 2238 1148 2273 Lazici
1165 2238 1212 2272 ad
1227 2238 1357 2272 ostium
1371 2236 1454 2271 fluv.
1470 2236 1734 2280 Kalopotamus
1749 2236 1842 2279 (Bal.
1853 2237 1888 2277 Ι).

214 2366 304 2411 323,
334 2363 424 2403 Th.
447 2362 649 2411 Huetii‚
673 2361 781 2402 adde
803 2374 811 2401 :

376 2440 470 2474 Hab.
489 2439 536 2474 ad
552 2439 733 2483 margines
753 2439 892 2473 viarum
915 2437 1125 2473 Cartaliniae
1144 2447 1259 2481 prope
1278 2436 1408 2471 Kutais
1430 2436 1661 2480 (Brotherus!
1683 2435 1889 2478 Chantre!).

216 2565 303 2609 323,
331 2563 422 2602 Th.
446 2562 811 2602 orbiculatum
833 2573 841 2601 :

377 2639 433 2673 Ex
453 2639 567 2682 Rupr.
588 2639 642 2673 Fl.
664 2639 772 2674 Cauc.
791 2649 825 2682 p.
848 2639 915 2672 126
943 2636 1069 2681 petala
1094 2637 1179 2672 alba
1207 2637 1338 2671 lineam
1369 2636 1476 2680 longa
1503 2635 1626 2679 calyce
1655 2634 1888 2678 albo-margi-

331 2693 416 2720 nato
445 2686 554 2730 paulo
583 2686 760 2730 longiora.
781 2685 912 2719 Planta
933 2684 1123 2719 fructifera
1151 2683 1305 2728 pedalis.
1335 2683 1467 2717 Planta
1493 2692 1579 2717 rara
1599 2682 1784 2726 hucusque
1804 2692 1889 2715 non-

331 2732 844 2824 ἓέῗοξῖεέξᾱέἐξίῗῦἑὲξῖζῖἓ.)
875 2737 910 2766 et
938 2731 985 2766 ad
1014 2732 1144 2776 Cyrum
1170 2731 1392 2775 superiorem
1419 2740 1533 2774 prope
1560 2729 1756 2764 Borschom
1783 2730 1887 2763 2500-

215 2905 305 2950 324,
337 2902 427 2941 Th.
450 2901 832 2952 platycarpum
856 2913 865 2941 :

381 2978 568 3021 Specimen
595 2977 823 3012 fructiferum
847 2978 882 3011 in
908 2976 1011 3011 herb.
1032 2976 1138 3011 Hort.
1168 2976 1315 3019 Petrop.
1336 2974 1419 3018 vidi,
1439 2974 1550 3009 affine
1573 2975 1604 3009 T
1605 2974 1637 3008 h.
1658 2974 1890 3009 Szowitsiano

332 3036 352 3059 a
370 3035 439 3068 quo
459 3025 611 3059 racemis
630 3035 674 3059 ex
693 3024 815 3059 axillis
841 3023 1087 3068 superioribus
1116 3025 1174 3058 1-2
1198 3023 1357 3064 breviter
1386 3022 1638 3066 pedunculatis
1672 3020 1887 3063 densifloris,
