2115 3250
240 192 350 228 Viola.
965 208 1179 233 viommeffi.
1859 208 1905 242 73
1922 235 1925 239 .

250 272 321 305 Pag.

230 327 324 373 459,
356 325 415 364 V.
439 326 646 374 canina,
669 326 776 367 adde
791 339 881 379 syn.
903 340 912 368 :
939 327 985 369 V.
993 327 1246 380 flavicornis
1266 330 1352 372 Sm.
1371 333 1501 385 Rupr.
1519 334 1582 375 Fl.
1602 334 1729 376 Cauc.
1747 349 1789 389 p.
1811 341 1901 379 155.

396 401 489 436 Hab.
510 402 546 436 in
566 403 726 438 Caucaso
748 409 783 438 et
803 404 1088 440 Transcaucasia
1108 407 1273 450 pluribus
1294 409 1382 444 locis
1400 412 1613 445 5500-7000'
1634 412 1808 458 (Rupr.!).

225 520 321 567 460,
352 518 415 557 V.
435 519 644 567 biflora,
667 519 775 561 adde
798 533 806 561 ε

394 595 486 629 Hab.
518 596 553 629 in
581 596 727 640 regione
755 597 947 641 subalpina
975 604 1010 633 et
1038 599 1162 643 alpina
1187 602 1297 636 totius
1327 604 1477 638 Caucasi
1506 609 1542 638 et
1570 616 1672 648 prov.
1699 606 1899 651 Karabagh

346 643 487 676 4-9000‘
510 643 682 686 (Rupr.!›.
705 644 756 678 Cl.
774 644 962 688 Ruprecht
981 646 1143 689 plantam
1164 649 1394 684 Caucasicam
1415 656 1454 684 ut
1474 662 1549 685 var.
1572 652 1801 687 Caucasicam
1821 654 1900 688 des-

347 688 452 723 cribit
471 688 619 724 floribus
637 691 847 735 majoribus,
874 693 1016 727 calcare
1033 704 1132 737 saepe
1152 696 1266 737 piloso
1287 707 1308 730 a
1330 697 1456 739 planta
1476 698 1659 742 Europaea
1677 699 1899 735 distinctam.

345 736 433 827 (Hffc
446 736 569 816 {orma
586 738 715 772 crescit
732 749 874 782 quoque
893 739 1037 774 abunde
1058 741 1093 774 in
1118 742 1214 776 valle
1238 743 1374 777 Kuram
1401 744 1607 789 Affghaniae
1633 749 1746 790 supra
1775 750 1904 782 lOOOO'

361 809 373 817 .
396 788 442 817 itc
475 788 509 825 .).

220 900 316 945 461,
335 901 442 956 'post
472 899 532 938 V.
568 899 1085 951 odontocalycinam‚
1116 902 1204 944 loco
1237 905 1454 946 varietatis
1483 907 1552 961 βλ)
1579 907 1903 960 ⁸qlabrescentis²

332 962 469 991 msere
491 963 499 990 :

382 1033 443 1071 V.
474 1033 894 1075 Grisebachiana
917 1036 1021 1088 (Vis.
1045 1041 1087 1078 et
1107 1035 1233 1078 PanE.
1257 1039 1356 1080 Dec.
1380 1039 1413 1087 Ι,
1437 1052 1477 1091 p.
1504 1044 1566 1089 14,
1589 1042 1678 1083 tab,
1701 1042 1734 1091 I,
1758 1043 1830 1096 fig.
1852 1047 1896 1094 2)

329 1086 523 1136 perennis
544 1087 762 1138 caespitosa
776 1088 938 1140 glabra,
956 1088 1063 1130 foliis
1083 1090 1280 1132 confertis
1301 1093 1433 1133 ovatis
1454 1093 1613 1134 obtusis
1634 1095 1675 1135 in
1696 1097 1898 1147 petiolum

328 1138 556 1189 longiorem
587 1139 766 1191 abrupte
806 1143 1030 1183 contractis
1061 1143 1125 1183 vel
1154 1146 1400 1194 attenuatis,
1436 1146 1601 1198 stipulis
1630 1147 1899 1190 inferioribus

326 1191 466 1242 parvis
486 1191 728 1239 linearibus,
751 1194 1033 1245 superioribus
1050 1195 1145 1236 folio
1165 1197 1382 1246 similibus,
1399 1199 1550 1250 sepalis
1570 1200 1900 1243 oblonoo-linea-

327 1243 442 1284 ribus
469 1243 659 1285 ciliolatis
693 1245 868 1294 obtusis,
901 1248 1051 1299 petalis
1083 1249 1453 1291 caeruleo-lilacinis
1489 1231 1898 1296 obovato-r‘iiombeis

325 1295 522 1337 inferiore
542 1297 784 1347 obcordato,
808 1299 969 1341 calcare
988 1312 1126 1342 crasso
1147 1302 1408 1354 cylindraceo
1429 1304 1578 1345 obtuso
1599 1306 1900 1358 appendicibus

326 1349 480 1443 ffilygis
501 1350 625 1443 tlriplo
652 1351 837 1403 longiore
864 1355 921 1400 91.
951 1353 998 1394 V.
1020 1354 1361 1408 odontocalycz'na
1380 1357 1449 1411 ssf?
1471 1357 1739 1411 ,qlabrescens
1761 1359 1898 1401 Boiss.

381 1434 389 1442 .
451 1415 486 1443 r.
525 1414 587 1443 oc.
610 1404 680 1444 cit.

384 1473 478 1507 Hab.
500 1474 536 1507 in
550 1474 681 1518 alpinis
699 1475 825 1510 Scardi
845 1477 1068 1512 Macedoniae
1090 1477 1243 1521 (Griseb.
1257 1481 1292 1522 !).

384 1532 471 1566 Haec
490 1533 629 1575 species
645 1534 731 1568 mihi
749 1535 848 1578 prius
863 1546 906 1569 ex
924 1537 1028 1570 unico
1048 1537 1241 1580 specimine
1257 1538 1447 1573 fructifero
1463 1546 1549 1574 nota
1563 1543 1706 1576 caeteris
1720 1543 1898 1586 neglectis

335 1588 358 1612 a
384 1579 423 1613 V.
449 1579 741 1625 odontocalycz'ncz
758 1583 1019 1625 appendicibus
1039 1584 1172 1628 calycis
1191 1596 1262 1619 non
1280 1585 1512 1621 denticulatis
1533 1588 1667 1622 differt.
1692 1590 1730 1624 V.
1756 1589 1898 1625 Cenisia

336 1630 372 1659 et
397 1626 435 1660 V.
450 1627 631 1661 calcas-ata
645 1627 772 1662 affines
790 1629 962 1664 differunt
979 1631 1078 1674 prior
1098 1632 1241 1675 stipulis
1256 1633 1479 1676 spathulatis
1499 1635 1695 1680 sessilibus,
1713 1639 1897 1680 posterior

335 1673 386 1706 eis
403 1673 486 1716 plus
505 1675 621 1708 minus
643 1675 777 1710 divisis.

383 1730 450 1766 Ar.
474 1731 617 1775 Geogr.
638 1734 779 1769 Montes
797 1735 944 1770 Serbiae.

212 1847 307 1893 461,
338 1845 399 1884 V.
421 1846 632 1887 minuta
655 1860 664 1887 :

380 1922 519 1957 Praeter
539 1924 737 1959 Caucasum
759 1926 954 1961 centralem
974 1927 1009 1961 in
1029 1927 1224 1963 ditionibus
1244 1929 1441 1965 Tuschetia
1467 1936 1502 1966 et
1524 1931 1777 1976 Daghestania
1800 1934 1890 1969 Cau-

333 1970 407 2003 casi
427 1971 615 2005 orientalis
632 1972 797 2014 pluribus
818 1973 905 2008 locis
930 1975 965 2008 in
991 1974 1126 2009 detritu
1150 1976 1326 2011 schistoso
1346 1979 1580 2013 8400-10500‘
1601 1981 1742 2015 crescit.
1758 1981 1889 2016 Variat

333 2016 512 2059 puberula
540 2023 575 2052 et
602 2019 743 2062 glabra,
772 2020 921 2055 floribus
938 2022 1121 2067 violaceis,
1138 2024 1261 2067 roseis,
1281 2025 1351 2059 imo
1373 2025 1480 2060 luteis
1498 2026 1557 2070 (ex
1579 2027 1722 2072 Rupr.),
1743 2028 1889 2064 calcare

330 2064 510 2098 interdum
529 2066 663 2108 petalis
685 2066 796 2110 duplo
818 2067 994 2103 breviore.

207 2180 304 2227 464,
334 2179 395 2218 V.
421 2179 750 2231 Orphanidis
770 2195 778 2222 :

377 2257 495 2300 Hujus
517 2258 556 2292 V.
571 2259 717 2293 Nicolai
736 2260 839 2294 Pant.
858 2261 990 2295 Adnot.
1005 2262 1078 2296 tab.
1093 2264 1137 2298 98
1151 2263 1267 2298 forma
1282 2265 1424 2300 calcare
1442 2266 1627 2302 obtusiore
1641 2278 1720 2303 esse
1733 2268 1889 2304 videtur.

376 2303 446 2338 Ar.
467 2303 610 2347 Geogr.
631 2306 891 2351 Herzegovina,
909 2309 1159 2354 Montenegro‚
1179 2311 1316 2346 Serbia.

206 2418 302 2464 465,
333 2417 391 2456 V.
411 2418 758 2460 Macedonica
784 2433 792 2460 ε

375 2494 493 2575 Ιξὲῄιιε
521 2496 679 2531 varietas
707 2496 856 2533 floribus
882 2499 1150 2543 submajoribus
1177 2501 1320 2537 videtur
1353 2503 1392 2537 V.
1417 2504 1575 2547 speciosa
1601 2505 1707 2540 Pant.
1733 2506 1803 2541 loc.
1831 2508 1892 2541 cit.

328 2552 363 2584 p.
429 2569 435 2575 .

374 2598 441 2634 Ar.
460 2599 602 2643 Geogr.
623 2602 874 2647 Montenegro.

206 2715 300 2761 466,
331 2713 392 2752 V.
415 2715 658 2764 parvula,
682 2715 789 2757 adde
812 2729 820 2757 :

372 2789 466 2824 Hab.
486 2791 521 2824 in
537 2796 658 2826 monte
674 2792 810 2836 Delphi
830 2793 979 2828 Euboeae
1001 2794 1159 2838 (Pichler
1172 2798 1206 2841 !),
1227 2797 1392 2833 Troodos
1413 2799 1521 2844 Cypri
1541 2800 1643 2839 (Sint.
1664 2805 1702 2836 et
1720 2801 1813 2845 Rigo
1826 2803 1863 2845 l).

200 2903 297 2951 468,
329 2903 390 2942 V.
413 2904 794 2954 ebracteolata,
817 2906 925 2947 adde
948 2919 956 2947 :

371 2979 464 3013 Hab.
484 2980 519 3014 in
539 2981 700 3015 herbidis
721 2982 895 3018 calcareis
915 2985 1189 3028 Mesopotamiae
1215 2986 1262 3021 ad
1281 2987 1402 3023 Terek
1422 2993 1458 3023 et
1483 2989 1628 3024 Mai-din
1649 2992 1738 3026 etin
1758 2992 1883 3026 Persia

323 3027 478 3061 australi
499 3028 715 3071 (Haussk.!).
