2094 3351
264 233 331 269 164
975 247 1229 272 LEGUMINOSAE.
1740 242 1916 290 Medicayo
1925 274 1935 280 .

262 317 330 350 Pag.

369 370 579 421 legumine
592 370 847 423 pubescente
860 370 1021 411 minuto
1036 371 1161 423 plano
1172 371 1328 424 bispiro
1341 374 1485 415 crebre
1503 379 1545 415 et
1558 375 1755 417 radiatim
1771 389 1943 419 venoso-

366 423 587 464 reticulato
609 425 722 464 venis
750 428 849 464 ante
874 424 1107 475 marginem
1136 425 1426 476 subintegrum
1456 427 1497 467 in
1528 439 1699 469 nervum
1730 429 1937 471 elevatum

366 474 595 516 flexuosum
616 477 778 517 minute
804 475 1116 516 tuberculatum
1146 478 1324 529 margini
1353 479 1599 530 parallelum
1627 486 1942 524 anastomosan—

367 528 478 569 tibus
496 531 559 578 Θ.

425 599 519 633 Hab.
543 600 578 633 in
597 600 701 643 Syria
721 598 861 634 boreali
878 609 994 643 prope
1015 600 1150 634 Aintab
1173 601 1319 642 (Postll.

423 664 552 699 Caules
569 663 820 707 semipedales,
847 662 954 698 flores
977 674 996 699 e
1018 665 1182 708 minimis,
1200 665 1367 709 legumen
1384 666 1642 712 (immaturum)
1662 669 1766 704 diam.
1785 672 1805 704 2
1824 670 1940 706 lineas

379 711 503 745 latum.
525 711 581 744 Ex
604 711 648 745 cl.
670 711 719 744 Dr
738 710 863 745 Urban
885 712 944 755 qui
965 721 1042 746 eam
1060 711 1215 755 benigne
1236 712 1442 749 observavit
1456 714 1576 750 affinis
1597 716 1650 750 M.
1671 717 1825 752 obscurae
1844 717 1937 753 Retz

376 774 417 785 z
439 758 493 792 M.
519 758 623 792 helici
643 758 699 791 W.
724 767 804 801 quae
835 758 871 791 in
904 758 982 801 ejus
1015 759 1174 793 sectione
1201 759 1427 805 Pachyspiroe
1457 762 1590 796 militat
1620 768 1655 797 et
1687 774 1766 807 quae
1794 765 1940 808 stipulis

377 805 546 848 dentatis,
568 805 749 849 legumine
763 804 893 849 glabro
914 805 1108 850 patriaque
1126 805 1258 841 differt.

282 958 346 1002 98,
377 955 444 995 M.
468 955 744 1003 littoralis,
768 954 877 996 adde
902 968 910 995 :

361 1096 402 1137 M
408 1046 459 1136 gn
487 1042 690 1096 lonyiseta
718 1062 763 1076 z
791 1042 857 1084 M.
886 1043 1080 1084 Brauniz'
1110 1043 1238 1085 Gren.
1271 1049 1313 1085 et
1343 1044 1472 1086 Godr.
1504 1045 1566 1087 Fl.
1602 1046 1670 1088 Fr.
1706 1060 1755 1089 ex
1788 1047 1936 1090 Urban

418 1167 512 1202 Hab.
527 1168 562 1202 in
579 1167 724 1203 ditionis
742 1168 830 1203 locis
850 1167 1017 1212 pluribus
1038 1178 1117 1202 cum
1138 1174 1236 1213 typo.

279 1321 344 1368 99,
377 1317 448 1358 Μ.
471 1317 808 1364 tribuloides,
835 1316 944 1357 adde
966 1329 974 1357 ε

416 1404 509 1439 Hab.
527 1405 563 1439 in
584 1404 739 1439 Oasibus
759 1404 912 1449 AEgypti
932 1403 1154 1447 (Schweinf.!
1175 1404 1344 1439 Aschers'.
1357 1406 1391 1447 !).

254 1559 342 1604 100,
373 1556 441 1596 Μ.
464 1555 866 1606 sphaerocarpa,
890 1554 1000 1596 adde
1020 1568 1028 1596 :

414 1644 507 1678 Hab.
527 1644 622 1678 inter
641 1649 782 1688 segetes
804 1644 922 1679 Cretae
940 1643 986 1678 ad
1008 1643 1203 1689 Cydoniam
1225 1643 1454 1687 (Reverchon
1465 1645 1499 1689 1).

253 1796 341 1842 100,
374 1793 444 1833 M.
483 1792 708 1833 Gerardi
740 1804 749 1832 :
780 1791 844 1832 Ex
874 1791 925 1833 cl.
960 1791 1110 1833 Urban
1142 1791 1257 1832 Mon.
1291 1804 1333 1844 p.
1368 1794 1418 1833 68
1453 1791 1519 1833 Μ.
1554 1791 1747 1846 riyidula
1779 1792 1827 1833 L.
1856 1792 1931 1845 Sp.

355 1858 396 1898 p.
423 1848 524 1887 1098
545 1851 587 1886 et
607 1845 728 1886 Desr.
751 1846 794 1886 in
814 1844 933 1885 Lam.
956 1844 1129 1897 Encycl.
1153 1844 1286 1885 audit.

250 2007 340 2052 101,
369 2007 465 2056 post
486 2003 556 2043 M.
582 2002 807 2043 Gerar-di
827 2002 965 2042 insere
988 2014 995 2041 :

407 2092 477 2131 M.
513 2091 735 2143 globosa
768 2089 904 2142 (Presl
936 2089 1029 2131 Del.
1064 2089 1189 2142 Prag.
1221 2101 1262 2141 p.
1293 2092 1359 2130 45.
1395 2113 1445 2117 —
1478 2089 1585 2132 Urb.
1623 2089 1737 2130 Mon.
1770 2088 1826 2130 N⁹
1860 2093 1927 2139 33,

352 2143 423 2197 fig.
444 2144 513 2192 45)
531 2143 777 2196 pubescens,
795 2143 961 2195 stipulis
978 2142 1363 2183 ovato-lanceolatis
1383 2141 1588 2195 profunde
1607 2142 1761 2190 incisis,
1779 2141 1930 2184 foliolis

352 2198 541 2239 obovatis
562 2197 679 2249 apice
693 2208 804 2248 saepe
823 2196 1044 2244 truncatis,
1061 2194 1307 2248 pedunculis
1325 2194 1523 2236 1-2-floris
1539 2194 1636 2236 folio
1651 2195 1924 2248 longioribus,

350 2250 521 2292 floribus
540 2250 679 2302 parvis
697 2249 967 2297 aurantiacis,
989 2248 1211 2299 leguminis
1232 2248 1341 2289 ovati
1360 2248 1592 2289 tomentelli
1612 2248 1810 2300 utrinque
1831 2260 1930 2290 con—

352 2304 442 2345 vexi
470 2303 591 2356 spiris
618 2305 685 2344 6-8
714 2308 829 2343 arcte
858 2302 1077 2349 concretis,
1107 2302 1299 2353 margine
1323 2312 1463 2342 crasso
1489 2301 1614 2353 plano
1634 2312 1716 2342 non
1737 2301 1926 2342 carinato

351 2357 490 2398 enervi
513 2356 641 2408 spinis
669 2355 818 2396 crassis
845 2355 998 2395 conicis
1025 2353 1230 2395 diametro
1257 2354 1477 2405 leguminis
1504 2353 1737 2406 quadruplo
1765 2353 1928 2395 brevio-

350 2410 465 2451 ribus
494 2409 629 2450 obsito
658 2411 721 2458 Θ.
747 2407 812 2449 M.
842 2407 1067 2449 constricta
1096 2407 1255 2448 Durieu
1282 2406 1419 2448 Catal.
1449 2406 1572 2448 Hort.
1602 2406 1777 2459 Burdig.
1808 2409 1924 2456 1873,

351 2475 391 2515 p.
412 2466 474 2504 17.

409 2533 503 2568 Hab.
522 2534 557 2567 in
573 2532 680 2567 cultis
701 2531 884 2567 derelictis
903 2531 1031 2565 insulae
1045 2530 1165 2565 Rhodi
1180 2541 1295 2574 prope
1314 2530 1466 2565 Bastida
1487 2530 1680 2575 (Bourg.!),
1696 2530 1733 2564 in
1750 2530 1927 2565 Anatolia.

363 2587 398 2616 et
418 2581 520 2625 Syria
543 2580 601 2624 (ex
619 2579 744 2614 Urban
764 2579 888 2621 Mon).

408 2643 538 2678 Affinis
561 2643 742 2687 legumine
762 2642 815 2676 M.
837 2641 993 2676 Gerardt'
1013 2651 1034 2675 a
1060 2643 1130 2685 qua
1160 2640 1282 2675 differt
1307 2641 1487 2684 spirarum
1516 2641 1682 2685 margine
1710 2640 1820 2684 plano
1841 2640 1923 2674 sub-

360 2701 516 2725 concavo
544 2701 610 2725 nec
636 2700 796 2724 convexo
823 2689 1014 2732 nervisque
1040 2688 1086 2722 ad
1108 2687 1339 2722 anfractuum
1365 2697 1490 2722 versus
1515 2688 1715 2732 marginem
1740 2698 1812 2721 non
1837 2697 1921 2722 ana-

361 2737 655 2773 stomosantibus.
670 2737 724 2771 M.
743 2736 929 2771 turbinata
947 2736 1110 2780 margine
1130 2736 1225 2769 inter
1243 2735 1366 2778 spinas
1380 2735 1544 2769 carinato
1562 2735 1704 2779 longius
1719 2734 1851 2769 differt.

242 2892 331 2937 101,
365 2888 435 2928 Μ.
459 2887 694 2938 agrestis
723 2898 731 2926 :
761 2885 825 2926 Ex
851 2885 902 2926 cl.
931 2884 1080 2927 Urban
1109 2884 1222 2925 Mon.
1247 2887 1312 2925 est
1342 2884 1524 2924 varietas
1558 2883 1754 2935 depressa
1778 2882 1922 2934 pauci-

347 2941 459 2993 spira
479 2939 545 2981 Μ.
572 2938 756 2981 Gerardi
777 2957 822 2972 =
844 2937 909 2979 M.
932 2936 1136 2990 rzqz'dulae
1155 2948 1255 2978 suae.
