2115 3250
199 233 349 280 Syrinya.
359 263 366 269 .
957 240 1141 264 immensu.
1803 225 1871 260 3423

198 315 236 341 Pa
261 335 268 342 .

238 323 257 349 g
304 367 513 419 petiolatis
549 365 696 417 amplis
724 364 856 405 ovatis
876 363 940 403 vel
974 362 1168 414 ellipticis
1198 361 1288 401 basi
1320 366 1364 400 et
1395 361 1512 412 apice
1542 360 1675 400 acutis
1712 359 1869 411 glabris

302 419 450 460 subtus
471 417 742 459 discoloribus
769 416 873 456 albis
898 415 1100 467 paniculis
1129 413 1361 454 densifl01·is
1386 412 1492 452 foliis
1515 412 1721 453 nonnullis
1739 413 1869 452 mino-

302 472 416 513 ribus
432 471 698 520 intermixtis,
720 468 891 509 floribus
909 467 1059 508 albidis
1083 466 1333 507 fasciculatis
1350 479 1375 516 5
1393 497 1401 505 .

361 542 453 576 Hab.
475 541 618 584 copiose
637 541 671 573 in
693 539 829 573 ditione
849 538 986 572 Kuram
1006 537 1211 581 Affghaniae
1231 537 1267 570 in
1287 536 1445 570 statione
1463 537 1506 569 esi
1524 534 1560 569 S.
1582 535 1736 569 Persicae
1755 534 1872 569 excel-

314 590 407 623 siore
427 590 568 622 8-9000'
591 587 723 630 (Aitch.
745 588 813 619 722
826 586 860 627 i).

360 652 427 686 Ar.
451 651 592 693 Geogr.
613 651 726 695 Regio
745 650 949 684 Himalaica
969 648 1205 683 occidentalis
1227 653 1262 682 et
1285 647 1469 681 centralis.

225 787 286 831 39,
319 782 590 822 Fraxinus
613 793 621 820 :
646 781 697 821 de
716 780 794 821 hoc
814 792 966 830 genere
986 778 1127 820 confer
1146 776 1489 829 monographiam
1511 776 1561 817 cl.
1587 775 1666 817 Th.
1695 775 1868 826 Wenzig

301 836 339 875 in
362 835 486 886 Engl.
509 835 604 875 Bot.
627 833 774 874 Jahrb.
797 833 870 882 IV,
896 835 1011 880 1883,
1033 844 1075 883 p.
1101 833 1287 872 165-188.

223 980 285 1024 39,
318 977 370 1015 Ρ.
394 975 675 1022 excelsior,
699 973 808 1014 adde
833 986 841 1013 :

334 1064 449 1150 (Iliialbl.
476 1064 512 1135 i'n
537 1063 702 1098 faucibus
728 1063 884 1106 regionis
915 1062 1085 1096 abietinae
1113 1061 1244 1095 montis
1276 1060 1371 1094 OEtae
1401 1059 1622 1094 Phthiotidis
1655 1060 1873 1093 4500-6000'

385 1122 403 1145 e
447 1116 521 1150 i·..).

217 1246 282 1290 40,
314 1253 388 1293 pro
425 1242 480 1281 F.
513 1241 806 1291 oxyphylla
834 1252 942 1292 pone
972 1253 980 1280 ε
1017 1241 1071 1280 Ρ.
1108 1249 1383 1290 oxycarpa
1418 1237 1560 1278 Willd.
1600 1236 1671 1288 Sp.
1712 1236 1784 1285 IV,
1828 1239 1866 1284 2,

296 1307 336 1345 p.
360 1297 460 1335 1105
481 1295 538 1345 (a.
565 1297 682 1344 1805)
704 1305 855 1334 nomen
876 1294 1104 1345 antiquius.

349 1381 385 1418 γ.
412 1362 663 1417 ])αφ’ϊζῙόΖίῐι,
686 1363 794 1404 adde
818 1377 826 1404 :

356 1435 447 1469 Hab.
469 1435 504 1468 in
524 1434 706 1469 montibus
726 1434 868 1468 Tauriae
890 1434 1022 1477 ubique
1041 1433 1178 1475 (Pallas
1195 1433 1230 1466 in
1251 1432 1352 1466 herb.
1374 1431 1494 1466 Berol.
1517 1441 1560 1465 ex
1578 1432 1763 1475 Wenzig).

215 1563 281 1608 41,
295 1561 370 1653 hFl.
397 1560 668 1653 {ogdiana
689 1571 764 1612 pro
785 1572 873 1600 var.
896 1560 948 1599 F.
972 1569 1265 1609 oxycarpae
1286 1559 1320 1605 ξ.
1344 1557 1558 1611 Sogyde'ana
1578 1569 1603 1597 a
1623 1557 1676 1598 cl.
1697 1556 1870 1608 Wenzig

325 1625 348 1652 a
364 1625 403 1653 >e
427 1625 490 1653 ur.

215 1754 281 1798 41,
313 1751 365 1790 F.
386 1750 861 1800 xanthoxyloides,
885 1749 992 1790 adde
1017 1762 1024 1789 :

308 1889 315 1922 ί
330 1838 445 1918 &Halb'
462 1848 506 1918 Ε
518 1837 718 1909 'Affghaniiz
739 1836 855 1879 (Griff.
875 1848 907 1870 n.
927 1838 1030 1880 3674,
1047 1837 1227 1871 Falconer
1242 1847 1285 1871 ex
1301 1837 1479 1880 Wenzig),
1494 1836 1530 1870 in
1546 1835 1711 1870 districtu
1729 1835 1867 1869 Hariab

322 1912 332 1918 1
356 1891 441 1918 itci.
518 1890 552 1921 .l.

353 1949 580 1993 Synonyrnon
601 1949 750 1982 citatum
770 1949 821 1982 sic
842 1959 885 1982 ex
906 1948 950 1982 cl.
971 1947 1104 1982 Clarke
1123 1947 1356 1982 mutandum:
1375 1947 1420 1982 F.
1438 1947 1732 1989 Moorcroftiana
1754 1946 1869 1980 Bran-

307 1996 361 2030 ‹lis
382 1997 463 2030 For.
484 1996 581 2030 Flor.
598 1999 665 2030 304
686 2006 757 2029 non
778 1995 937 2030 Wallich
960 1996 1037 2030 Cat.
1058 1995 1153 2039 quod
1168 1995 1214 2029 ad
1234 1995 1278 2030 F.
1299 1995 1526 2029 excelsiorem
1547 1993 1779 2028 referendum
1802 1999 1868 2027 est.

547 2221 755 2262 ORDO
806 2222 1068 2262 LXXVI.
1121 2222 1513 2262 JASMINEAE

213 2399 278 2444 42,
309 2397 340 2436 J
347 2397 618 2437 asminum
640 2398 966 2446 revolutum,
989 2397 1098 2438 adde
1122 2410 1130 2438 ε

351 2483 443 2518 Hah.
465 2484 500 2518 in
518 2485 697 2518 consortio
717 2483 749 2518 J.
772 2484 967 2527 officinalis
995 2485 1030 2518 in
1062 2484 1215 2519 collibus
1245 2495 1359 2529 prope
1389 2485 1559 2520 Shalizan
1590 2486 1698 2520 vallis
1727 2486 1864 2520 Kuram

307 2530 510 2574 Affghaniae
531 2531 665 2570 (Aitch.
681 2533 797 2573 2891).

417 2739 625 2778 0RDO
676 2740 974 2780 LXXVII.
1030 2740 1646 2782 SALVADORACEAE

213 2917 278 2962 44,
307 2918 402 2965 post
422 2914 778 2954 Salvadoram
801 2915 1082 2955 Persicam
1104 2916 1240 2957 insere
1260 2929 1268 2956 :

345 3001 395 3040 S.
430 3001 665 3041 oleoides
686 3001 909 3053 (Decaisne
929 3002 970 3042 in
991 3001 1208 3054 Jacquem.
1236 3003 1336 3055 Voy.
1364 3007 1451 3053 140,
1472 3005 1559 3045 tab.
1586 3005 1678 3056 144)
1714 3005 1863 3056 glabra
