2115 3250
207 210 424 246 Frankenia.
886 224 1188 250 FRANKENJACEAE.
1807 223 1872 258 125

472 401 678 441 ululo
719 402 943 442 XVIII.
985 404 1598 448 FRANKENIACEAE

207 511 276 545 Pag.

204 563 295 612 779,
324 563 629 604 Prankenia
648 565 1043 615 pulverulenta,
1067 566 1175 608 adde
1195 567 1248 608 ad
1268 568 1366 610 hab.
1392 582 1400 609 :

368 650 480 686 Oases
499 651 651 696 AEgypti
671 651 855 695 (Aschers.
869 652 904 697 !),
925 652 1122 697 Affghania
1138 654 1302 699 (Griff.1),
1324 656 1534 692 Belutschia
1554 656 1740 702 (Stocksl).

613 859 820 900 ORDO
863 861 1022 901 XIX.
1064 862 1464 904 ELATINEAE

203 1021 293 1067 781,
327 1019 535 1059 Elatine
557 1020 1042 1071 campylosperma,
1066 1021 1174 1063 adde
1195 1035 1204 1063 :

362 1107 457 1142 Hab.
475 1106 521 1141 ad
544 1108 696 1142 Chanka
716 1108 868 1153 AEgypti
885 1108 1066 1144 inferioris
1083 1110 1329 1155 (Schweinffl).

202 1241 291 1286 783,
321 1242 417 1291 post
438 1240 692 1291 Berqiam
713 1241 1123 1281 suffruticosam
1142 1242 1280 1283 insere
1301 1255 1309 1283 :

359 1327 416 1366 B.
449 1327 702 1367 aestivosa
732 1326 895 1379 (Wight
916 1331 958 1368 et
976 1327 1131 1369 Arnott
1154 1328 1301 1369 Prodr.
1333 1330 1402 1380 41)
1432 1329 1579 1381 glabra
1608 1329 1872 1371 suffrutieosa

304 1379 600 1427 ramosissima,
623 1380 751 1420 ramis
772 1380 997 1432 gracilibus
1018 1381 1222 1433 elongatis
1249 1382 1444 1422 tenuibus
1473 1383 1677 1434 patentim
1700 1387 1742 1423 et
1762 1383 1873 1423 elon-

304 1432 434 1482 gatim
454 1432 686 1480 ramulosis,
704 1431 811 1473 foliis
832 1437 1010 1484 anguste
1029 1433 1217 1485 oblongis
1236 1434 1328 1475 basi
1348 1436 1578 1475 attenuatis
1599 1435 1868 1487 subinteglis,

302 1485 559 1525 ramulorum
578 1484 853 1526 floriferorum
873 1485 1113 1534 linearibus,
1136 1486 1306 1527 floribus
1328 1488 1459 1528 2-3nis
1480 1488 1543 1528 vel
1559 1488 1755 1529 solitariis
1779 1488 1871 1529 bre-

304 1537 412 1577 viter
430 1537 705 1589 pellicellatis,
727 1537 897 1579 floribus
920 1538 1138 1580 decandris
1166 1543 1224 1586 Ωι.
1247 1539 1393 1592 Wight
1412 1540 1470 1581 Io.
1494 1540 1582 1581 tab.
1606 1544 1697 1582 222.

316 1607 465 1698 (Algalb.)
494 1608 529 1641 in
561 1608 794 1652 salsuginosis
823 1609 917 1643 inter
948 1609 1068 1643 Alizai
1100 1613 1134 1643 et
1163 1609 1332 1644 Manduri
1364 1610 1469 1644 vallis
1498 1610 1634 1644 Kuram
1666 1610 1871 1655 Affghaniae

365 1666 375 1688 1
396 1665 412 1688 c
444 1682 450 1687 .
472 1680 479 1688 .

362 1718 492 1753 Affinis
510 1719 556 1753 B.
575 1719 819 1763 suffratieosae,
839 1720 901 1754 sed
921 1720 1052 1764 glabra
1070 1720 1183 1755 multo
1205 1721 1333 1764 laxior,
1350 1720 1457 1756 flores
1476 1722 1511 1755 in
1531 1722 1653 1757 axillis
1670 1723 1872 1766 paucioreS,

316 1766 444 1809 sepala
464 1766 670 1801 lanceolata
690 1777 756 1801 neo
776 1772 892 1801 ovata.

362 1829 429 1864 Ar.
453 1828 596 1873 Geogr.
614 1831 780 1865 Ditiones
797 1830 965 1875 Pundjab
985 1835 1021 1865 et
1038 1831 1179 1866 Multan
1197 1831 1320 1866 Indiae.

550 2040 757 2080 0121)ss
798 2041 923 2080 XX.
968 2040 1519 2081 HYPERIGINEAE

198 2199 288 2245 783,
319 2197 603 2238 Triadenia
622 2199 940 2250 AEqyptiaca
964 2211 971 2239 :

360 2285 401 2318 In
421 2285 584 2329 AEgypto
605 2295 675 2319 non
696 2296 859 2320 erescere
879 2285 1032 2329 videtur,
1059 2285 1122 2320 sed
1151 2286 1187 2320 in
1212 2286 1398 2321 littoribus
1427 2286 1528 2330 regni
1556 2286 1765 2321 Maroceani
1791 2296 1870 2320 aus-

314 2331 474 2366 tralioris
492 2333 586 2367 inter
603 2332 744 2377 Agadir
761 2337 797 2367 et
813 2332 990 2376 Mogador
1012 2333 1071 2376 (cl.
1093 2333 1270 2377 Cossonl).

197 2466 289 2512 785,
322 2464 672 2515 Hypericum‚
696 2463 808 2505 Sect.
831 2464 864 2505 Ι.
885 2464 1222 2514 Androsoemam,
1245 2466 1287 2506 in
1314 2466 1385 2506 lin.
1409 2465 1593 2507 secunda
1619 2466 1708 2506 loeo
1738 2480 1754 2503 α
1779 2478 1872 2506 ova-

301 2516 417 2558 rium
437 2516 696 2570 tripollicare
711 2531 728 2554 »
751 2517 843 2570 lege
864 2532 879 2555 «
897 2517 1190 2571 tricarpellare
1209 2531 1242 2559 ».

198 2656 289 2703 788,
322 2655 385 2695 Η.
409 2655 696 2703 hircinum,
719 2655 827 2696 adde
845 2655 980 2696 locum
1005 2668 1012 2696 :

360 2742 484 2776 Insula
499 2741 649 2777 Rhodus
669 2742 715 2776 ad
732 2742 868 2777 rivulos
885 2752 999 2786 prope
1017 2742 1169 2777 Salakos
1186 2742 1377 2788 (Bourg.!).

198 2875 289 2922 789,
322 2873 384 2913 H.
403 2873 705 2922 inodorum,
730 2872 838 2914 adde
868 2884 875 2912 :

361 2960 454 2995 Hab.
473 2960 519 2995 ad
540 2971 648 3004 rupes
665 2961 865 2996 maritimas
885 2961 991 2995 Ponti
1011 2960 1135 2996 Lazici
1155 2960 1202 2995 ad
1219 2959 1333 2995 Rhize
1350 2960 1492 3005 (Bam).
