2094 3351
221 236 290 272 328

219 317 289 351 rag.

944 249 1169 275 composrrffi..
1670 240 1894 278 meracium.

222 373 313 418 870,
348 371 413 410 Η.
437 371 800 422 scapiqerum,
825 371 934 413 adde
956 385 964 412 :
990 372 1123 414 Rchb.
1143 372 1200 413 Ic.
1224 371 1338 421 XIX,
1361 372 1449 413 tab.
1476 376 1563 414 157.

219 621 311 666 870,

218 1363 313 1408 872,

218 1630 312 1669 872.

219 2326 311 2371 873,

219 2589 311 2631 874.

386 457 480 492 Hal».
501 458 536 491 in
556 463 676 492 monte
697 458 785 492 (Εἰ-ει
800 458 1019 492 Phthiotidis
1040 461 1254 493 4600-6000'
1279 458 1461 502 (Heldr.!).

346 619 410 658 H.
439 618 836 666 sartorianum,
859 618 968 659 adde
991 631 998 658 :
1025 618 1157 659 Rchb.
1182 618 1238 659 Ic.
1259 618 1373 666 XIX,
1395 618 1482 659 tab.
1509 621 1582 660 186
1602 624 1646 659 et
1666 622 1758 660 203.

406 707 444 797 ᾗ.
478 703 715 764 ΙΛοὶίΙιηεςνὶ.
748 728 800 764 .-
835 704 978 765 Facies
1009 710 1060 764 et·
1079 705 1176 746 folia
1206 710 1331 745 acuta
1363 705 1506 764 formae
1536 706 1711 765 typicae,
1730 705 1804 746 sed
1830 707 1900 766 pili

327 769 404 797 cau
423 768 456 797 is
487 761 530 797 et
562 769 726 809 paginae
759 756 964 798 inferioris
994 757 1184 798 fohorum
1218 757 1445 799 obsoletius
1477 757 1669 809 plumoffl,
1702 759 1901 800 involucri

327 815 428 851 setae
449 809 660 850 breviores
682 834 730 838 —
754 810 811 851 H.
833 824 1055 852 murorum
1074 814 1112 865 β.
1136 810 1359 852 Leitlmeri
1380 811 1525 851 Heldr.
1549 815 1592 851 et
1612 809 1725 852 Sart.
1749 810 1900 852 Sched.

388 899 520 932 Planta
543 899 588 932 ob
620 898 772 933 formam
799 898 969 933 foliorum
999 906 1034 934 et
1061 899 1307 933 indumentum
1335 899 1381 933 ad
1409 899 1457 933 H.
1483 899 1740 934 Sartorianum
1766 910 1832 934 nec
1857 899 1902 934 ad

340 945 475 980 formas
498 946 652 980 humiles
672 956 843 989 scaposas
864 946 912 980 H.
929 957 1112 981 murorum
1132 946 1336 981 referenda.

388 1010 439 1045 Cl.
474 1011 746 1044 Arvet-Touvet
773 1010 898 1053 Spicil.
924 1010 1024 1045 Hier.
1053 1021 1088 1054 p.
1118 1012 1161 1045 29
1190 1011 1362 1045 describit
1391 1011 1439 1045 H.
1470 1011 1711 1045 Lazistanum
1740 1022 1793 1054 sp.
1823 1021 1903 1045 nov.

340 1057 424 1099 (non
445 1057 492 1091 H.
516 1057 688 1092 Lazicum
711 1058 766 1092 Fl.
788 1057 864 1097 Or.)
884 1057 929 1092 ab
958 1068 999 1092 eo
1020 1058 1069 1092 H.
1091 1057 1308 1092 Sartoriano
1328 1057 1475 1092 affinem
1503 1057 1649 1092 dictam.
1670 1058 1773 1092 Hanc
1801 1058 1902 1101 plan—

343 1111 415 1138 tam
438 1115 508 1138 non
530 1105 612 1138 novi
642 1111 677 1139 et
707 1115 750 1139 ex
773 1104 956 1139 schedulae
983 1104 1193 1139 confusione
1222 1105 1381 1139 indicata
1411 1105 1554 1139 videtur
1585 1105 1757 1139 Lazistan
1789 1105 1902 1139 Boiss.

341 1151 390 1184 N0
411 1153 490 1185 478.
506 1152 582 1186 Nec
604 1162 669 1195 ego
686 1152 931 1186 Lazistaniam
951 1151 1023 1186 adii
1044 1162 1110 1186 nec
1130 1152 1225 1186 hune
1245 1163 1433 1186 numerum
1453 1152 1548 1186 inter
1569 1152 1714 1195 plantas
1736 1152 1903 1187 Balansae

338 1198 455 1233 video.

345 1361 407 1400 H.
433 1360 846 1400 Macedonicum
864 1372 872 1400 :
897 1372 947 1401 ex
967 1360 1089 1400 unico
1109 1360 1335 1412 specimine
1356 1364 1503 1400 notum
1524 1360 1646 1401 affine
1668 1360 1726 1401 H.
1749 1359 1906 1401 Reute-

326 1412 450 1472 riano
466 1432 519 1506 :a
526 1413 584 1453 H.
607 1426 755 1465 sparso
777 1412 910 1453 Boiss.
934 1412 996 1453 Fl.
1021 1411 1094 1454 Or.
1118 1424 1194 1454 nec
1214 1412 1325 1453 Friv.
1347 1417 1389 1453 et
1407 1424 1500 1453 cum
1517 1425 1565 1454 eo
1585 1413 1626 1453 in
1643 1412 1664 1463 ᾗ
1680 1416 1718 1454 2.
1739 1412 1905 1454 Glauca

325 1477 490 1506 mseren
523 1477 608 1506 um.

346 1629 410 1667 H.
435 1639 690 1678 sparsum
717 1641 726 1668 ε
752 1639 903 1669 nomen
924 1628 1097 1669 erronee
1117 1627 1214 1668 huic
1232 1640 1251 1668 s
1284 1628 1384 1669 eciei
1405 1627 1680 1680 adscriptum.
1704 1627 1763 1668 H.
1785 1640 1906 1681 spar-

325 1693 420 1721 sum
441 1680 552 1721 Friv.
577 1680 639 1721 Fl.
666 1684 781 1729 1836,
805 1693 846 1733 p.
869 1684 947 1722 436
968 1685 1057 1722 toto
1079 1681 1182 1722 coelo
1203 1680 1242 1721 di
1279 1685 1358 1729 ert,
1382 1681 1422 1721 in
1446 1679 1558 1722 Sect.
1577 1680 1782 1722 Piloselld
1801 1680 1906 1721 mili-

326 1737 392 1774 tat
413 1738 456 1774 et
477 1746 526 1774 ex
547 1734 598 1774 cl.
618 1732 738 1786 Naeg.
761 1737 805 1774 et
824 1734 916 1775 Pet.
940 1734 1017 1775 Pil.
1037 1747 1078 1786 p.
1103 1737 1180 1775 570
1200 1738 1264 1774 est
1284 1733 1419 1774 forma
1437 1733 1498 1774 H.
1521 1733 1721 1775 Bauhim'
1741 1733 1902 1775 Schult.

327 1805 373 1819 =
397 1786 457 1827 H.
481 1786 729 1840 Mayyarz'ci
749 1786 868 1839 Naeg.
893 1792 936 1828 et
955 1787 1047 1828 Pet.
1070 1786 1235 1828 Nostrae
1256 1798 1406 1827 nomen
1427 1787 1486 1828 sic
1506 1786 1815 1827 restituendum
1839 1798 1848 1826 :

381 1874 445 1912 H.
479 1874 870 1914 Reuterianum
901 1873 1035 1915 Boiss.
1071 1874 1223 1925 Diagn.
1255 1872 1344 1914 Ser.
1375 1873 1409 1921 I,
1437 1877 1476 1922 4,
1505 1886 1546 1925 p.
1574 1877 1639 1914 31.
1661 1896 1712 1901 —
1739 1873 1799 1914 H.
1821 1886 1906 1914 cer-

327 1940 460 1967 nuum
492 1926 603 1967 Friv.
639 1926 793 1986 (forma
825 1926 932 1968 foliis
963 1931 1124 1968 remote
1160 1926 1363 1987 dentatis)
1397 1938 1547 1986 nomen
1581 1926 1809 1978 antiquius,
1832 1927 1903 1967 sed

325 1983 499 2031 propter
527 1978 810 2039 confusionem
839 1991 932 2020 cum
968 1980 1027 2021 H.
1059 1993 1214 2021 cernuo
1239 1979 1271 2020 F
1276 1991 1356 2020 ries
1378 1979 1524 2039 Epicr.
1548 1978 1834 2037 seponendum
1854 2002 1907 2007 —-

324 2031 392 2125 {L-
407 2045 607 2126 SP‘Ilg‘Sfmn
624 2031 883 2127 §ngglent
915 2032 991 2081 III,
1015 2045 1056 2085 p.
1084 2036 1176 2081 872,
1206 2044 1287 2073 non
1318 2032 1430 2073 Frw.
1452 2056 1504 2061 —
1525 2032 1584 2073 H.
1604 2031 1906 2086 sparszflorum

360 2097 441 2126 nes
502 2097 603 2137 picr.
664 2093 678 2108 ⁰
782 2118 791 2126 .

383 2174 529 2216 Species
550 2180 590 2207 ut
611 2179 646 2208 et
664 2174 711 2208 H.
734 2174 1009 2209 Macedonicum
1031 2174 1234 2208 naturalius
1254 2174 1299 2208 ad
1320 2173 1339 2218 ἓ
1360 2176 1393 2208 2.
1416 2173 1559 2209 Glauca
1579 2173 1865 2208 adnumeranda.

347 2323 410 2363 H.
451 2323 746 2363 microtum
784 2337 791 2365 :
831 2324 1020 2375 quamvis
1055 2323 1546 2376 subhypophyllopodum
1583 2323 1817 2364 naturalius
1852 2323 1904 2364 ob

328 2375 536 2424 habitum,
572 2376 827 2427 glabritiem‚
864 2377 1049 2429 capitula
1083 2377 1247 2417 minuta
1274 2376 1398 2429 juxta
1426 2377 1486 2418 H.
1517 2376 1832 2418 Reuteriamtm
1863 2376 1902 2416 in

326 2428 347 2479 ᾗ
368 2431 406 2469 2.
431 2429 597 2470 Glauca
618 2429 921 2471 collocandum.

344 2590 438 2637 post
458 2587 519 2625 H.
543 2586 942 2626 bracteolatum
963 2586 1098 2627 insere
1121 2599 1129 2626 ε

383 2675 448 2714 H.
483 2675 730 2722 Koracis,
762 2674 880 2715 caule
912 2674 1022 2715 elato
1051 2674 1252 2726 angulato
1281 2673 1425 2715 folioso
1457 2674 1534 2715 sub
1565 2674 1676 2715 lente
1708 2685 1833 2726 parce
1862 2678 1906 2714 et

326 2727 488 2767 minute
508 2727 690 2767 setuloso
711 2727 750 2767 in
772 2727 1009 2779 paniculam
1036 2728 1229 2768 strictam
1256 2726 1540 2778 thyrsoideam
1572 2727 1770 2775 abeunte,
1798 2726 1904 2767 foliis

325 2792 451 2832 parce
470 2780 632 2820 minute
649 2784 692 2820 et
713 2779 913 2832 adpresse
933 2780 1126 2821 setulosis
1147 2780 1338 2831 oblongis
1357 2780 1518 2821 obtusis
1547 2791 1691 2831 grosse
1712 2779 1905 2820 dentato-

326 2833 509 2874 crenatis
530 2832 797 2873 inferioribus
829 2833 869 2873 in
902 2833 1103 2884 petiolum
1132 2833 1365 2874 attenuatis
1392 2833 1554 2874 caeteris
1579 2833 1791 2874 sessilibus
1813 2843 1905 2873 sen-

326 2886 403 2926 sim
435 2885 666 2933 diminutis,
698 2886 892 2937 capitulis
922 2886 1118 2927 tenuibus
1148 2886 1201 2927 ad
1235 2897 1448 2927 ramorum
1480 2886 1668 2927 brevium
1699 2884 1905 2938 paniculae

326 2939 487 2991 apicem
529 2942 595 2979 3-5
631 2938 829 2979 confertis
873 2938 1119 2990 pedunculis
1158 2939 1369 2979 involucro
1406 2939 1667 2980 brevioribus
1705 2937 1901 2985 suffultis,

326 2992 509 3032 bracteis
530 2991 702 3032 minutis
723 2991 945 3039 subulatis,
968 2991 1170 3033 involucri
1191 2991 1418 3044 leucophaei
1448 2991 1599 3044 phyllis
1620 2991 1763 3044 paucis
1784 2990 1904 3032 obtu-
