2115 3250
705 628 1393 686 SUPPLEMENTUM

466 823 857 923 FLORAE
941 818 1630 919 ORIENTALIS

747 1192 967 1240 VOLUM
972 1191 1053 1237 EN
1103 1190 1351 1237 PRIMUM

392 1557 866 1631 PLANTAE
956 1554 1705 1631 VASGULARES

635 1765 840 1829 [mss.
888 1766 916 1828 Ι.
965 1763 1469 1827 ῦΙῠῠΤΥιΕῠῦΝΕΙΈ

553 1962 771 2012 Subolass.
830 1958 1406 2010 THALAMIPLORAE
1463 1957 1556 2007 Do.

577 2152 785 2193 ORDO
819 2153 870 2192 1.
916 2150 1529 2192 RANIJNGIJLAGEAE

238 2322 310 2423 ᾖξ’,
343 2375 604 2416 clematis
635 2375 944 2423 orientalis,
966 2374 1103 2416 adde:

376 2461 413 2497 γ.
441 2442 688 2498 obtusffolia
707 2444 863 2497 (Hook.
885 2444 914 2486 f.
937 2448 980 2486 et
999 2444 1169 2486 Thoms.
1192 2445 1235 2486 iu
1254 2444 1390 2485 Hook.
1413 2443 1477 2485 Fl.
1498 2443 1606 2485 Brit.
1628 2442 1749 2484 India
1774 2455 1816 2495 p.
1851 2444 1894 2494 5)

324 2496 516 2539 foliorum
536 2502 754 2550 segmenta
774 2510 799 2538 a
816 2498 906 2539 basi
926 2499 1124 2538 truncata
1141 2498 1206 2539 vel
1227 2497 1401 2538 cordata
1428 2500 1552 2538 ovata
1571 2496 1637 2538 vel
1656 2499 1895 2537 transverse

324 2550 475 2591 latiora
495 2551 759 2592 obtusissime
778 2550 920 2591 lobata
939 2550 1004 2592 vel
1022 2551 1196 2603 partita,
1218 2549 1340 2591 flores
1360 2550 1495 2602 parvi.

385 2622 478 2657 Hab.
499 2623 535 2657 in
555 2622 660 2658 fauce
679 2622 830 2657 Darban
850 2622 956 2657 vallis
976 2621 1114 2656 Kuram
1134 2621 1339 2666 Affghaniae
1359 2621 1463 2656 7000‘
1483 2621 1617 2665 (Aitch.
1637 2622 1705 2655 415
1719 2620 1753 2665 !).

379 2685 415 2725 δ.
440 2682 692 2737 parvifolia.
714 2707 766 2713 —-
784 2683 995 2725 Foliorum
1019 2687 1240 2736 segmenta
1262 2684 1427 2724 minuta
1448 2683 1489 2724 in
1516 2682 1689 2724 lacinias
1716 2686 1896 2734 anguste

328 2736 701 2788 oblongo-lineares
725 2736 871 2778 divisa.
891 2760 945 2765 —
963 2735 1006 2778 Ο.
1030 2735 1258 2789 tennifolia
1276 2736 1406 2789 Royle
1425 2735 1491 2777 Ill.
1513 2759 1565 2764 —
1587 2735 1631 2778 C.
1650 2735 1898 2789 yra-veolens

327 2788 422 2830 Bot.
439 2789 554 2842 Mag.
571 2792 676 2831 4495
691 2793 734 2830 et
752 2789 890 2830 Ajtch.
907 2788 1001 2831 Cat.
1017 2790 1060 2830 in
1080 2789 1228 2830 Journ.
1246 2789 1368 2830 Linn.
1388 2787 1482 2830 Soc,
1501 2788 1643 2830 XVIII
1658 2800 1740 2829 non
1754 2787 1893 2829 Lindl.

386 2859 480 2894 Hab.
500 2860 536 2894 in
556 2860 652 2895 valle
668 2859 807 2894 Kuram
824 2859 1029 2904 Affghaniae
1046 2861 1150 2894 7000‘
1171 2859 1305 2903 (Aitch.
1323 2861 1390 2894 614
1402 2859 1435 2904 !).

387 2923 533 2967 Species
551 2923 659 2958 valde
677 2923 865 2958 variabilis
892 2934 914 2958 a
939 2925 1011 2967 qua
1039 2923 1163 2958 forsan
1184 2923 1269 2967 jure
1300 2928 1468 2958 auctores
1495 2922 1636 2958 laudati
1671 2922 1711 2958 C'.
1733 2922 1897 2968 ylaucam

342 2971 398 3004 W.
420 2975 455 3005 et
479 2970 515 3006 Ο.
535 2971 786 3015 Ispahanicam
802 2981 873 3005 non
893 2969 1059 3014 specifice
1080 2970 1267 3006 distinctas
1287 2981 1365 3006 esse
1384 2975 1584 3005 autumant.
