2115 3250
233 215 361 250 Silene.
979 225 1156 249 smmum.
1848 217 1909 251 101

253 295 325 329 Pag.

230 1871 324 1916 626,

229 2261 323 2305 626,

229 2501 322 2547 626,

340 348 567 389 linearibus
588 348 837 389 acuminatis
857 347 1084 388 uninerviis
1103 348 1289 388 breviter
1303 352 1346 389 et
1363 360 1489 400 parce
1536 348 1912 400 landuloso-pilosis

343 401 482 453 (10-15
497 401 568 441 lin.
586 399 754 452 longis),
772 400 945 440 caulinis
990 400 1103 441 aucis
1118 400 1388 449 abbreviatis,
1407 401 1513 441 cauli
1547 412 1595 441 us
1608 400 1914 442 infrarosulari-

340 453 418 494 bus
434 453 688 505 simplicibus
704 453 951 504 (5-pollica1·i
985 453 1066 502 us),
1085 452 1256 493 floribus
1270 453 1466 505 virgineis
1485 454 1747 501 nutantibus,
1763 455 1913 505 calycis

339 505 505 546 obovati
524 506 567 558 (6
587 505 658 546 lin.
681 505 810 557 longi)
832 505 1289 557 glanduloso-puberuli
1311 505 1505 546 dentibus
1527 506 1913 547 ovato-lanceolatis

341 558 601 606 acuminatis,
624 558 860 609 petalorum
875 569 930 598 un
964 557 1084 598 uibus
1101 558 1257 609 glabris
1272 558 1421 599 obtuse
1434 558 1740 606 biauriculatis,
1760 559 1915 599 lamina

341 611 438 651 alba
457 610 510 651 ad
531 610 713 651 medium
734 610 883 651 obtuse
902 610 943 651 bi
964 610 1057 659 oba,
1078 611 1377 663 appendicibus
1397 610 1505 651 binis
1522 611 1914 663 elliptico-oblongis

338 663 513 711 obtusis,
536 662 759 704 filamentis
780 663 952 714 glabris,
976 663 1197 715 capsula...

399 734 491 768 Hab.
511 735 546 768 in
573 739 693 768 tractu
723 734 969 768 Kasikibaran
999 735 1181 768 Armeniae
1212 739 1247 768 et
1279 735 1314 768 in
1344 739 1466 769 monte
1498 734 1772 769 Aschischdade
1801 745 1915 778 prope

353 781 447 815 Kars
465 781 624 825 (Radde)
646 781 740 820 (Non
761 781 862 818 vidi).

400 845 524 879 Facies
554 845 589 879 S.
610 846 800 888 caespitosae
825 850 860 880 et
887 845 922 880 S.
952 845 1114 889 turqisiae,
1136 844 1199 879 sed
1227 850 1411 879 structura
1437 845 1564 879 florum
1599 846 1741 879 omnino
1773 846 1915 881 diversa

355 891 547 936 (Trautv.).
568 892 669 926 Nihil
692 893 727 926 in
748 892 994 935 descriptione
1014 892 1058 926 de
1078 891 1356 926 inflorescentia.

397 1050 450 1090 S.
473 1050 713 1090 Araxina
735 1049 948 1101 ((Trautv.
972 1049 1034 1090 Pl.
1056 1049 1162 1090 Nov.
1195 1052 1309 1098 1875,
1339 1062 1379 1102 p.
1412 1052 1476 1093 12)
1504 1050 1607 1090 collo
1631 1050 1792 1101 vaginis
1824 1063 1917 1102 per-

336 1102 582 1143 sistentibus
604 1102 731 1143 dense
750 1103 921 1154 stipato,
945 1102 1133 1143 caulibus
1155 1103 1386 1143 numerosis
1412 1103 1631 1154 pedalibus
1659 1103 1915 1154 glandulosis

338 1154 507 1203 foliosis,
530 1154 637 1196 foliis
657 1155 914 1207 glandulosis
934 1155 1160 1196 uninerviis
1180 1155 1435 1196 radicalibus
1457 1159 1635 1206 anguste
1655 1155 1844 1207 oblongis
1873 1157 1916 1196 in

336 1208 538 1300 petiolum
559 1208 805 1255 attenuatis,
830 1208 1003 1248 caulinis
1034 1211 1127 1249 6-12
1155 1208 1383 1260 majoribus
1411 1208 1497 1248 late
1529 1208 1717 1260 oblongis
1739 1209 1779 1253 (2
1812 1209 1910 1260 poll.

354 1261 471 1312 ongis
493 1264 515 1301 6
542 1261 672 1301 lineas
699 1261 828 1309 latis),
857 1260 1069 1301 floralibus
1097 1261 1498 1308 ovato-lanceolatis,
1525 1263 1645 1313 cyma
1676 1261 1915 1302 dichotoma

336 1313 564 1354 multiflora
599 1315 827 1362 coarctata,
866 1314 1016 1366 calycis
1049 1313 1176 1354 albidi
1212 1313 1745 1365 glanduloso-pubescentis
1778 1313 1913 1354 infiati

337 1365 541 1407 fructiferi
561 1366 793 1407 subclavati
823 1366 1018 1407 dentibus
1046 1367 1179 1406 ovatis
1210 1367 1474 1414 acuminatis,
1502 1366 1738 1418 petalorum
1766 1367 1915 1418 ungui-

337 1419 415 1459 bus
435 1419 694 1468 auriculaffls,
718 1419 873 1459 lamina
894 1419 1034 1460 albida
1053 1419 1207 1467 biloba,
1226 1419 1525 1471 appendicibus
1544 1419 1719 1468 obtusis,
1743 1420 1914 1472 capsula

337 1471 594 1524 carpophoro
613 1472 680 1512 vix
704 1472 905 1523 longiore,
936 1472 1163 1513 seminibus
1193 1471 1314 1512 dorso
1347 1472 1634 1512 canaliculatis
1666 1472 1912 1513 bicarinatis

339 1528 382 1564 et
400 1530 562 1565 minute
581 1524 857 1565 tuberculatis
877 1524 983 1566 facie
1002 1524 1136 1577 planis
1156 1525 1404 1565 laeviusculis
1429 1529 1487 1571 Ql.

396 1595 489 1629 Hah.
507 1596 543 1629 in
561 1596 742 1630 Armeniae
761 1595 929 1629 districtu
947 1595 1121 1630 Erzerum
1143 1595 1189 1629 ad
1204 1598 1362 1630 Araxem
1384 1597 1606 1640 superiorem
1631 1596 1802 1637 (Radde).

395 1658 526 1693 Affinis
546 1659 580 1694 S.
602 1659 861 1703 odontopetaloe
879 1670 900 1693 a
918 1659 1021 1703 cujus
1045 1659 1170 1694 formis
1195 1659 1255 1703 (an
1273 1661 1401 1701 satis?)
1421 1660 1585 1694 caulibus
1604 1660 1818 1695 elatioribus
1836 1671 1913 1695 cre-

350 1706 449 1741 brius
466 1706 605 1741 foliosis
627 1711 662 1741 et
679 1706 874 1741 seminibus
895 1706 1001 1741 dorso
1020 1707 1273 1741 canaliculatis
1292 1707 1437 1742 differre
1457 1707 1612 1742 videtur.

383 1880 429 1909 ro
453 1869 507 1910 S.
530 1870 845 1920 spathulata
864 1881 972 1922 pone
996 1870 1050 1909 S.
1072 1881 1322 1921 pygmaea
1342 1869 1500 1910 Adams
1519 1882 1666 1911 nomen
1683 1870 1910 1922 antiquius.

338 1881 468 1974 (Palyx
487 1921 678 1963 fructifer
697 1921 806 1962 infra
835 1922 1049 1974 capsulam
1076 1923 1334 2016 carpotphoro
1364 1923 1641 1975 aequilongam
1663 1924 1727 1964 vel
1757 1924 1914 1975 longio-

336 1986 423 2015 rem
444 1974 709 2015 constrictus.
733 1973 902 2016 Semina
921 1974 1163 2016 reniformia
1206 1976 1294 2016 acie
1319 1976 1446 2028 plana
1471 1976 1593 2016 dorso
1622 1976 1852 2017 rotundata
1872 1980 1914 2017 et

336 2027 654 2079 pluriserialiter
670 2027 1117 2068 cristato-echinulata.

395 2098 488 2132 Hab.
510 2099 545 2132 in
567 2099 727 2134 Caucaso
748 2099 901 2138 centrali
919 2099 965 2133 ad
985 2101 1200 2134 2500-4800'
1227 2105 1262 2134 et
1282 2100 1452 2134 orientali
1477 2102 1619 2134 6-7200'
1639 2100 1794 2144 (Rupr.).

359 2259 412 2298 S.
435 2259 757 2307 auriculam,
780 2259 888 2300 adde
911 2272 919 2299 :

395 2345 489 2380 Hab.
509 2347 545 2380 in
565 2351 687 2381 monte
704 2346 828 2380 Korax
851 2347 999 2380 AEtoliae
1021 2349 1124 2381 5500‘
1146 2347 1334 2390 (Heldr.!).

354 2502 449 2550 post
472 2499 524 2539 S.
548 2500 910 2540 auriculatam
931 2500 1067 2541 insere
1090 2513 1098 2541 z

392 2584 445 2624 S.
462 2584 674 2633 eiu-ina,
692 2585 911 2637 caespitosa
924 2585 1109 2626 breviter
1124 2586 1369 2626 tomentella
1384 2586 1539 2638 pallide
1554 2587 1706 2635 virens,
1724 2587 1912 2628 caulibus

338 2648 360 2677 e
395 2636 625 2677 rhizomate
663 2649 803 2678 crasso
835 2638 1021 2689 vestigiis
1051 2637 1242 2679 foliorum
1277 2639 1428 2679 vestito
1467 2640 1616 2679 erectis
1655 2640 1912 2691 simplicibus

337 2688 506 2736 foliosis,
539 2688 646 2730 foliis
674 2689 927 2731 radicalibus
961 2691 1044 2731 late
1077 2691 1558 2732 lanceolam-linearibus
1587 2692 1837 2732 acuminatis
1870 2693 1912 2733 in

335 2741 536 2793 petiolum
551 2741 722 2793 longum
739 2743 985 2791 attenuatis,
1009 2743 1182 2784 caulinis
1204 2743 1459 2785 abbreviatis
1480 2744 1694 2785 sessilibus
1715 2745 1914 2797 amplexi-

338 2793 541 2842 caulibus,
581 2793 752 2835 fioribus
787 2799 853 2836 3-5
890 2796 1181 2837 terminalibus
1215 2795 1412 2837 confertis
1446 2798 1610 2848 magnis
1647 2797 1832 2838 breviter
1870 2801 1914 2838 et

337 2846 483 2887 stricte
549 2846 825 2896 edunculatis,
859 2848 1041 2888 bracteis
1074 2849 1296 2898 subulatis,
1335 2849 1475 2901 calyce
1508 2850 1751 2890 umbilicato
1789 2854 1913 2891 ovato

338 2898 483 2939 inflato
522 2898 719 2940 ructifero
739 2900 815 2941 sub
838 2901 1008 2952 capsula
1027 2901 1094 2941 vix
1115 2902 1356 2948 constricto,
1389 2901 1913 2955 glanduloso-pubescente

337 2950 491 3003 pallide
536 2963 709 2993 nervoso
755 2952 951 2994 dentibus
996 2953 1238 2995 lanceolatis
1278 2955 1659 3003 acuminatissimis,
1701 2955 1912 3006 unguibus
