2115 3250
189 217 358 254 Jurinea.
916 227 1138 251 COMPOSITAE.
1794 212 1858 248 311

190 299 261 333 Pag.

295 364 462 393 servare
488 351 628 393 debet.
650 351 695 393 J.
723 349 1049 403 macroceplzalae
1076 348 1229 390 Benth.
1253 347 1359 390 Gen.
1382 348 1445 388 Pl.
1467 347 1523 396 ΙΙ,
1545 360 1586 399 p.
1609 351 1687 388 474
1711 347 1862 399 speciei

294 404 446 445 Indicae
467 404 756 445 diversissimae
780 415 929 444 nomen
950 403 992 443 in
1011 401 1055 443 J.
1078 401 1358 442 Dolomiaeam
1378 400 1642 441 mutandum.

188 538 279 584 579,
310 539 405 587 post
424 536 472 575 J.
496 535 967 585 macrocephalam
988 533 1124 574 insere
1144 545 1152 573 :

344 623 393 661 J.
417 621 613 672 Cypria
635 620 787 671 (Boiss.
809 620 852 660 in
869 619 976 660 Sint.
996 623 1039 659 et
1059 619 1165 670 Rigo
1184 618 1241 670 pl.
1260 617 1385 669 Cypr.
1412 617 1530 666 1880)
1548 616 1735 657 caulibus
1752 627 1862 656 erec-

293 674 344 714 tis
365 674 514 714 crassis
535 673 747 724 angulatis
768 672 922 713 foliosis
950 683 1116 712 ramose
1141 674 1185 711 et
1211 682 1322 722 saepe
1349 681 1438 710 com
1473 670 1578 709 osite
1607 668 1861 720 corymbosis

292 727 501 778 ramisque
520 725 871 773 araneoso-canis,
894 724 1001 765 foliis
1017 725 1139 776 longe
1160 723 1402 764 lanceolatis
1423 734 1445 762 0
1480 722 1583 762 tusis
1603 721 1778 771 integris
1799 720 1863 760 vel

290 782 450 819 remote
472 778 656 818 dentatis
676 778 825 819 subtus
846 778 1073 825 araneosis,
1103 775 1385 828 superioribus
1414 779 1456 815 et
1482 775 1634 815 rameis
1663 777 1863 825 angusta-

291 832 344 872 tis
363 831 454 872 basi
469 831 723 878 rotundatis,
746 830 919 871 summis
940 831 1073 870 acutis
1097 829 1281 881 capitula
1300 827 1659 868 involucrantibus
1680 832 1722 866 et
1750 826 1863 865 invo-

290 884 452 925 lucrum
472 895 582 935 saepe
601 883 897 935 superantibus
929 882 1153 934 adpressis‚
1182 881 1382 922 involucri
1411 880 1521 921 ovati
1555 879 1705 931 phyllis
1737 889 1864 930 parce

289 937 500 977 araneosis
546 940 725 987 anguste
766 936 1008 976 lanceolatis
1055 935 1172 987 apice
1210 934 1396 975 breviter
1436 933 1612 985 spinosis
1653 931 1862 983 adpressis

288 989 445 1030 intimis
465 988 645 1030 flosculis
666 990 795 1030 tertia
813 992 935 1040 parte
948 987 1224 1031 brevioribus.
1248 986 1482 1027 acheniis...
1513 989 1571 1031 Ql.

347 1059 440 1094 Hab.
452 1060 488 1094 in
502 1060 614 1094 vineis
626 1059 672 1093 ad
687 1060 823 1103 Spielia
834 1060 965 1093 montis
977 1058 1146 1102 Adelphe
1159 1059 1267 1102 Cypri
1279 1057 1382 1101 (Sint.
1396 1062 1431 1091 et
1444 1057 1537 1100 Rigo
1551 1056 1658 1099 7882).
1674 1055 1727 1089 Fl.
1739 1055 1861 1088 Junio.

346 1124 627 1168 sesquipedalis,
649 1123 737 1158 folia
757 1123 931 1158 inferiora
957 1123 1228 1166 4-6-pollicaria
1254 1123 1314 1155 6-9
1344 1121 1458 1155 lineas
1485 1120 1572 1163 lata,
1601 1119 1762 1163 capitula
1789 1129 1860 1152 ses-

302 1171 533 1214 quipollicem
555 1172 663 1215 longa
684 1171 790 1205 diam.
809 1172 892 1204 9-10
913 1171 974 1205 lin.
996 1171 1082 1204 lata.
1101 1169 1231 1204 Affinis
1248 1170 1282 1204 J.
1304 1168 1582 1211 macrocephalae
1597 1167 1692 1200 foliis
1711 1166 1863 1200 caulinis

299 1218 692 1263 cordato-auriculatis,
713 1218 883 1262 capitulis
903 1217 1113 1261 majoribus,
1134 1217 1311 1250 involucri
1326 1216 1461 1260 phyllis
1476 1215 1606 1249 erectis
1627 1224 1692 1248 nec
1712 1213 1860 1257 adpres-

298 1266 346 1300 sis
366 1271 402 1300 et
418 1266 454 1299 in
474 1266 612 1309 spinam
634 1265 832 1309 longiorem
853 1265 1070 1299 abeuntibus
1091 1264 1254 1297 diversae.

181 1394 273 1440 582,
302 1396 399 1444 post
418 1393 466 1432 J.
490 1392 780 1433 Cadmeam
801 1393 937 1433 insere
960 1405 968 1433 :

336 1479 385 1519 J.
428 1478 805 1525 Cartaliniana‚
846 1478 1076 1519 rhizomate
1114 1489 1253 1518 crasso
1292 1477 1451 1528 lignoso
1486 1475 1719 1526 caespstoso,
1754 1472 1860 1513 foliis

283 1542 412 1583 supra
430 1531 631 1572 viridibus
652 1531 801 1572 subtus
828 1531 1027 1583 adpresse
1054 1531 1167 1572 canis
1197 1530 1389 1571 omnibus
1416 1527 1669 1569 radicalibus
1699 1526 1862 1566 ambitu

285 1587 464 1635 anguste
484 1584 928 1636 oblongo-lanceolatis
956 1584 1010 1624 ad
1029 1584 1093 1624 vel
1122 1584 1236 1624 ultra
1261 1582 1444 1623 medium
1472 1579 1732 1633 pinnatifidis
1764 1578 1861 1618 laci-

287 1637 364 1677 niis
390 1638 588 1689 utrinque
616 1640 684 1678 4-5
715 1637 899 1678 breviter
926 1637 1154 1677 linearibus
1186 1636 1360 1683 obtusiS,
1395 1635 1530 1685 scapis
1563 1633 1669 1674 foliis
1704 1631 1860 1683 2-3-plo

283 1689 540 1740 longioribus
560 1694 715 1742 praeter
733 1702 952 1742 squamam
983 1690 1360 1731 lineari-setaceain
1391 1687 1525 1735 nudis,
1556 1685 1749 1737 capitulis
1776 1684 1861 1735 glo-

281 1742 408 1791 bosis,
448 1743 649 1783 involucri
684 1754 810 1794 parce
848 1744 1037 1783 araneosi
1078 1742 1228 1794 phyllis
1267 1740 1640 1782 lineari-subulatis
1676 1737 1862 1778 breviter

283 1796 540 1836 mucronatis
561 1795 613 1836 ab
641 1796 916 1836 exterioribus
942 1794 1270 1847 patulo-reflexis
1302 1793 1356 1834 ad
1385 1794 1534 1833 intima
1559 1796 1678 1832 recta
1706 1790 1857 1838 auctis,

273 1847 462 1889 1103011113
482 1849 626 1897 roseis,
648 1849 774 1900 pappi
796 1848 969 1889 achenio
988 1848 1266 1900 sublongioris
1282 1848 1382 1888 setis
1399 1846 1557 1887 intimis
1577 1843 1796 1885 latioribus
1817 1847 1861 1883 et

285 1901 542 1953 longioribus
565 1905 623 1948 Ql.

296 2021 316 2052 4
340 1972 435 2044 Hah.
451 1973 486 2006 in
502 1972 704 2006 Cartalinia
723 1973 875 2008 Caucasi
889 1973 984 2007 inter
999 1972 1221 2007 Achalziche
1240 1978 1275 2006 et
1295 1971 1433 2005 Atskur
1453 1970 1498 2004 ad
1514 1979 1623 2013 rupes
1642 1967 1860 2009 (Brotherus

320 2022 410 2061 54.).

340 2083 446 2117 Folia
467 2094 545 2117 cum
568 2084 704 2126 petiolo
733 2087 746 2117 1
767 2084 1057 2127 ¹l2-2-pollicaria
1078 2086 1098 2117 2
1120 2083 1195 2123 'jz—3
1218 2083 1332 2117 lineas
1347 2082 1435 2124 lata,
1453 2081 1553 2123 scapi
1571 2079 1858 2122 2-3-pollicares,

294 2130 455 2173 capitula
484 2132 533 2165 eis
565 2131 598 2165 J.
627 2131 775 2165 humilis
803 2131 1021 2165 subminora.
1054 2130 1185 2165 Affinis
1215 2130 1250 2165 J.
1286 2129 1446 2165 Cadmeae
1472 2128 1590 2170 scapis
1622 2126 1731 2160 nullis
1761 2130 1796 2159 et
1823 2125 1859 2159 J.

294 2177 507 2221 Ruprechtii
527 2178 691 2213 caulibus
710 2178 859 2222 foliosis,
881 2184 949 2212 etc.
971 2178 1133 2212 diversis.

177 2310 267 2356 597,
298 2312 394 2359 post
415 2309 824 2360 Phaeopappum
845 2310 1156 2350 leuzeoiden
1176 2310 1315 2350 insere
1340 2320 1347 2348 :

336 2397 434 2435 Ph.
466 2397 777 2447 depressus,
815 2397 1013 2449 adpresse
1045 2408 1271 2438 araneosus
1305 2407 1433 2436 canus
1466 2393 1718 2441 subacaulis,
1753 2391 1858 2432 collo

282 2447 409 2488 dense
434 2448 602 2497 fibroso,
632 2449 739 2491 foliis
766 2450 958 2491 omnibus
985 2450 1238 2490 radicalibus
1265 2449 1356 2489 aliis
1388 2447 1541 2488 infimis
1569 2445 1857 2497 oblongo-lan-

282 2501 452 2542 ceolatis
479 2502 613 2543 acutis
638 2503 680 2543 in
706 2503 909 2555 petiolum
937 2503 1107 2544 brevem
1139 2502 1368 2543 attenuatis
1400 2501 1490 2541 aliis
1523 2498 1857 2551 pinnatipartitis

281 2554 508 2603 segmentis
544 2555 742 2607 utrinque
773 2560 840 2597 3-4
871 2556 1179 2596 remotiusculis
1210 2567 1290 2595 non
1325 2553 1645 2594 decurrentibus
1677 2556 1858 2602 anguste

282 2606 723 2658 oblongo-lanceolatis
758 2609 969 2650 terminali
1002 2609 1255 2659 submaJ'ore‚
1288 2607 1480 2659 capitulis
1516 2609 1580 2646 1-2
1612 2604 1857 2645 brevissime

280 2659 572 2719 pedunculatis
605 2660 809 2714 oblongis,
839 2662 1041 2703 involucri
1070 2661 1221 2714 phyllis
1249 2660 1488 2713 Stramineis
1510 2658 1680 2699 laevibus
1701 2668 1856 2709 appen-

282 2711 371 2751 dice
392 2724 449 2753 013
466 2712 656 2754 breviore
672 2715 1066 2767 ovato-triangulari
1082 2714 1405 2755 membranacea
1421 2712 1635 2752 fimbriata
1653 2710 1856 2762 spinaque

283 2765 397 2822 tenui
417 2765 523 2825 ciliis
544 2766 700 2818 2-3-plo
726 2767 913 2817 longiore
940 2768 1191 2815 terminatis,
1222 2767 1464 2807 intimorum
1499 2763 1730 2816 appendice
1761 2762 1859 2803 sub-

281 2829 513 2858 inerm1v1x
533 2819 761 2868 fimbriata,
791 2820 972 2861 flosculis
1001 2821 1125 2861 luteis
1154 2832 1235 2860 non
1256 2818 1534 2866 radiantibus,
1565 2816 1748 2857 acheniis
1755 2847 1853 2863 ......

281 2882 417 2922 pappo
439 2871 677 2913 rufescente
700 2876 758 2919 91.

339 2942 432 2976 Hab.
451 2943 487 2976 in
508 2944 632 2978 Persia
651 2944 770 2979 media
790 2944 1018 2980 occidentali.

340 3008 444 3042 Folia
470 3008 751 3052 2-3-pollicaria,
777 3009 938 3052 capitula
965 3010 1023 3043 vix
1053 3009 1344 3052 sesquipollicem
1366 3010 1474 3053 longa
1504 3011 1553 3044 013
1579 3010 1645 3043 1)]1.
1666 3011 1858 3048 leuzeoiclis

292 3055 406 3090 multo
427 3056 650 3099 angustiora.
671 3056 816 3099 Species
835 3057 929 3090 inter
949 3067 1169 3100 congeneres
1190 3057 1359 3100 capitulis
1380 3057 1600 3092 radit-alibus
1621 3058 1781 3101 insignis.
