2115 3250
197 223 357 259 Smer-tia.
921 233 1153 257 GnNriANEAE.
1806 222 1874 257 :347

196 306 265 340 Pag.

301 359 378 410 gis,
402 358 610 409 glandulis
629 358 737 398 binis
758 357 1001 397 orbiculatis
1029 357 1238 397 distinctis
1265 357 1455 408 margine
1480 356 1602 397 valde
1634 356 1872 405 fimbriam,

301 410 569 462 stigmatibus
607 410 899 451 subsessilibus
914 441 923 458 ‚
962 409 1190 450 seminibus
1235 409 1446 460 angulatis
1490 409 1779 450 scrobiculatis
1814 414 1873 457 Ql.

302 462 346 504 S.
368 463 553 516 speciosa
573 463 664 503 Don
684 474 765 503 non
785 462 909 502 Wall.

361 534 486 568 Facies
504 533 538 568 S.
559 533 717 568 Aucheri
737 538 771 567 et
792 532 828 567 S.
849 533 1062 577 lonffl'folioe,
1083 532 1146 567 sed
1167 532 1442 566 characteribus
1462 532 1564 567 bonis
1585 532 1737 567 diversa.

360 596 452 630 Hab.
473 596 519 630 ad
539 596 719 630 Biankhel
741 601 776 630 et
797 597 924 639 Sergal
944 595 1151 639 Affghaniae
1167 596 1302 630 (Aitch.
1324 597 1439 639 8761).

360 659 425 693 Ar.
446 658 589 701 Geogr.
612 659 848 703 Cachemiria‚
867 659 1061 703 Himalaya
1082 659 1331 693 occidentalis.

223 797 286 841 79,
319 793 372 833 ad
393 792 549 833 calcem
571 793 736 843 generis
759 793 999 833 Swertia
1020 793 1182 833 insere:

592 896 716 938 SECT.
739 896 795 937 II.
829 896 1035 938 OPHELIA.
1059 921 1109 925 —
1130 897 1284 938 Herbae
1305 909 1468 938 annuae.

356 1000 408 1038 S.
431 1010 842 1050 purpurascens
863 999 1007 1049 (Wall.
1031 998 1126 1040 Cat.
1149 1002 1269 1040 4379.
1286 1023 1338 1027 —
1354 1000 1447 1040 Don
1465 999 1616 1040 Trans.
1636 999 1758 1041 Linn.
1780 1000 1873 1042 Soc.

298 1051 431 1100 XVII,
454 1064 495 1103 p.
519 1055 609 1100 526,
642 1051 719 1092 sub
760 1051 957 1104 Ophelz'ci)
988 1052 1106 1093 caule
1132 1052 1328 1093 elevatim
1355 1052 1664 1104 quadrilineato
1691 1066 1871 1101 ramoso,

298 1104 404 1145 foliis
426 1104 870 1155 oblongo-lanceolatis
888 1105 952 1145 vel
978 1105 1221 1146 lanceolatis
1244 1105 1335 1145 basi
1357 1106 1590 1146 attenuatis
1611 1106 1877 1147 obtusiuscu-

298 1158 346 1198 lis
363 1158 645 1209 superioribus
664 1158 798 1198 acutis
814 1158 1039 1205 trinerviis‚
1058 1158 1187 1209 cymis
1204 1158 1446 1198 axillaribus
1463 1158 1700 1210 paucifloris
1716 1159 1876 1211 pedun-

298 1211 447 1251 culatis
477 1210 687 1258 foliolosis,
719 1211 860 1263 calyce
892 1210 946 1250 ad
979 1211 1099 1251 basin
1133 1223 1265 1262 usque
1297 1212 1469 1262 partito,
1505 1212 1669 1253 corollae
1702 1212 1875 1254 rubellao

298 1264 651 1315 quinquepartitae
688 1263 790 1303 lobis
830 1264 963 1304 ovatis
1002 1265 1137 1304 acutis
1177 1264 1361 1315 calycem
1400 1265 1712 1316 superantibus,
1746 1265 1876 1307 foveis

296 1316 493 1356 solitariis
518 1316 654 1363 nudis,
675 1315 900 1357 filamentis
921 1315 1081 1358 inferne
1102 1317 1143 1357 in
1166 1316 1313 1357 tubum
1340 1317 1509 1358 brevem
1537 1330 1561 1357 a
1591 1318 1745 1358 corolla
1774 1319 1875 1360 libe-

297 1381 389 1409 rum
411 1369 587 1416 coalitis,
607 1369 716 1421 stylo
737 1369 947 1421 elongato,
978 1370 1249 1421 stigmatibus
1276 1370 1504 1411 linearibus
1528 1373 1590 1420 Q).
1625 1370 1732 1424 Oph.
1765 1371 1876 1413 Dal-

297 1421 528 1463 lzonsz'eana
550 1421 715 1463 Griseb.
740 1421 866 1463 Gent.
892 1426 981 1463 313.

356 1492 447 1526 Hab.
468 1492 514 1526 ad
531 1493 627 1526 rivos
648 1492 694 1525 ad
715 1493 887 1527 Shendtoi
910 1499 945 1526 et
966 1493 1137 1527 Shalizan
1158 1493 1364 1537 Affghaniae
1387 1494 1567 1537 ‹Aitcl1.!).

356 1554 423 1588 Ar.
444 1554 586 1597 Geogr.
608 1556 722 1599 Regio
740 1556 944 1590 Himalaica
964 1557 1212 1591 occidentalis.

355 1672 407 1712 S.
430 1673 652 1712 cordata
676 1671 819 1723 (Wall.
843 1672 937 1713 Cat.
966 1673 1089 1720 4378)
1122 1674 1241 1714 caule
1273 1679 1412 1714 erecto
1444 1675 1639 1715 elevatim
1674 1675 1874 1727 quadrili-

298 1730 438 1773 neato,
461 1726 589 1765 ramis
610 1726 1029 1777 erecto-patentibus,
1054 1726 1161 1767 foliis
1178 1726 1505 1767 cordato-ovatis
1521 1728 1733 1768 sessilibus
1756 1729 1875 1779 quin-

296 1778 529 1829 quenerviis
551 1778 699 1825 acutis,
729 1780 857 1829 cymis
885 1779 1127 1819 axillaribus
1153 1780 1399 1831 pedunculis
1432 1781 1590 1821 strictis
1620 1780 1801 1821 suffultis
1831 1782 1870 1822 in

294 1831 529 1882 paniculam
552 1836 776 1882 angustam
800 1831 1027 1883 dispositiS‚
1052 1832 1191 1884 calyce
1212 1832 1265 1872 ad
1297 1832 1415 1873 basin
1450 1834 1490 1873 in
1525 1834 1697 1874 lacinias
1730 1839 1873 1874 ovato-

295 1883 551 1923 lanceolatas
583 1888 729 1924 acutas
764 1885 935 1936 partito,
972 1885 1136 1926 corollae
1171 1884 1334 1926 flavidae
1367 1886 1471 1926 lobis
1505 1887 1640 1937 quinis
1671 1886 1873 1938 elliptico-

296 1936 499 1988 oblongis,
523 1936 650 1977 foveis
671 1937 868 1977 solitariis
890 1937 1026 1986 nudis,
1051 1937 1277 1978 filamentis
1308 1938 1462 1982 liberis,
1496 1940 1605 1991 Stylo
1626 1939 1869 1991 cylindrico‚

295 1989 565 2083 stigmztifibus
585 1989 912 2042 hemisphaericis
931 1993 995 2039 Θ.
1021 1990 1127 2043 Oph.
1150 1991 1271 2032 nuda
1299 1991 1495 2032 Klotzsch
1523 1993 1564 2032 in
1588 1992 1726 2033 Wald.
1756 1993 1869 2033 Reis.

295 2045 360 2090 91,
384 2046 429 2082 ta
464 2074 472 2082 .
497 2045 560 2083 67.

354 2111 445 2146 Hab.
467 2113 611 2156 copiose
632 2113 679 2147 ad
699 2113 871 2148 Shalizan
893 2119 928 2148 et
945 2114 1121 2149 Shendtoi
1142 2114 1346 2158 Affghaniae
1369 2115 1503 2152 (Aiteh.
1523 2116 1610 2149 077!
1632 2117 1747 2159 9792).

352 2175 422 2211 Ar.
442 2175 584 2219 Geogr.
604 2177 748 2212 Tibetia
769 2184 804 2213 et
825 2179 1018 2223 Himalaya
1038 2180 1152 2214 omnis
1172 2185 1389 2224 temperata.

469 2385 677 2426 ORDO
727 2387 994 2427 LXXXI.
1047 2388 1421 2428 BIGNONIA
1432 2389 1594 2429 CEAE

216 2544 281 2590 80,
312 2543 538 2584 Tecoma
558 2545 838 2595 undulata,
862 2546 971 2587 adde
993 2559 1001 2587 :

353 2631 446 2665 Hab.
474 2633 509 2666 in
541 2633 696 2668 collibus
722 2635 976 2670 humilioribus
1008 2636 1154 2671 ditionis
1184 2637 1321 2671 Kuram
1354 2638 1560 2683 Affghaniae
1590 2639 1684 2673 inter
1708 2639 1802 2673 Thal
1837 2646 1870 2674 et

308 2678 553 2714 Badischkhel
572 2692 685 2725 usque
705 2681 752 2716 ad
773 2684 875 2716 3500‘
897 2683 1030 2719 (Aitch.
1052 2685 1148 2726 489).

394 2878 602 2920 ORDo
651 2882 986 2923 LXXXIII.
1037 2884 1666 2927 GYRTANDRAGEAE

217 3052 282 3097 83,
314 3051 344 3090 J
351 3051 540 3092 ankaea
559 3053 906 3103 Heldreichii,
921 3055 1030 3097 adde
1041 3068 1132 3109 syn.
1148 3069 1156 3097 ε
1174 3056 1421 3099 Rccmomlia
1434 3058 1700 3100 Helclreicleii
1714 3059 1871 3100 Benth.
