2115 3250
212 243 347 279 Draba.
941 250 1161 275 CRUCIFERAE.
1841 239 1886 274 55

212 322 283 356 Peg.

329 375 481 409 formam
509 375 538 415 β.
565 373 743 418 bryoidem
774 378 1011 417 compactam,
1043 372 1141 406 foliis
1171 372 1337 406 minimis.
1372 371 1598 407 Observante
1628 372 1672 405 cl.
1698 371 1887 414 Ruprecht

328 423 421 456 inter
441 421 535 455 hanc
553 425 588 455 et
605 420 653 454 D.
673 420 896 455 imbricatam
924 420 1007 455 C.A.
1036 420 1130 464 Mey.
1155 419 1288 453 limites
1312 429 1382 453 non
1415 418 1547 453 adsunt
1576 423 1611 452 et
1639 419 1717 452 haec
1744 429 1886 461 quoque

329 468 378 503 D.
395 468 519 513 riqidoe
537 467 771 511 adjungenda
787 479 794 501 :

368 547 404 583 γ.
436 529 671 571 imbricata.
709 552 760 558 —-
796 528 949 570 Similis
985 527 1044 569 D.
1079 527 1232 580 riqidoe
1262 530 1300 580 β.
1342 526 1507 579 bryoidi
1546 526 1687 567 differt
1721 530 1886 567 tantum

317 583 478 624 silicula
496 583 657 623 minore
677 582 763 622 iere
783 581 1030 622 orbiculata.
1053 604 1104 609 --
1125 580 1184 621 D.
1207 579 1429 621 imbricata
1449 579 1551 620 C.A.
1575 579 1685 631 Mey.

213 721 304 766 297,
340 719 399 757 D.
423 717 604 768 alpina
628 728 638 756 :

375 798 464 833 Haec
483 798 621 841 species
647 797 806 832 borealis
834 797 870 831 in
896 796 1031 831 ditione
1059 806 1131 830 non
1160 796 1289 830 crescit
1319 801 1354 830 et
1383 806 1401 830 e
1430 796 1542 830 Flora
1571 795 1751 829 Orientali
1781 795 1889 838 igitur

330 845 495 880 delenda.
525 845 654 879 Omnia
678 845 875 888 specimina
900 855 944 878 ex
972 843 1169 888 Affghania
1197 853 1278 887 quae
1311 843 1383 877 vidi
1412 843 1458 877 ad
1491 847 1700 886 sequentem
1732 842 1889 885 speciem

329 898 495 936 spectant
515 904 522 925 z

372 956 431 994 D.
453 953 786 1005 Affqhanica‚
810 955 901 993 tota
918 952 1030 1004 pube
1048 952 1214 992 ramosa
1232 951 1348 992 brevi
1370 963 1608 999 canescens,
1631 950 1723 991 laxe
1748 950 1890 1002 caespi-

318 1010 410 1047 tosa
429 1005 656 1047 caudiculis
676 1005 872 1046 tenuibus
898 1003 1058 1045 inferne
1083 1004 1206 1045 nudis
1233 1004 1492 1056 repentibus,
1514 1003 1621 1044 foliis
1647 1003 1891 1043 densissime

318 1059 372 1100 ad
408 1070 619 1099 ramorum
656 1057 933 1099 fioriferorum
969 1057 1088 1098 basin
1129 1056 1326 1097 confertis
1362 1058 1500 1109 parvis
1538 1055 1886 1106 ovato-oblongis,

321 1112 455 1164 scapis
475 1111 730 1152 brevissimis
749 1110 937 1163 hispidis,
966 1121 1132 1150 racemo
1158 1109 1273 1150 brevi
1299 1109 1540 1161 paucifloro,
1568 1108 1720 1160 petalis
1746 1107 1890 1149 ochro-

320 1165 447 1205 leucis
485 1164 549 1204 vel
582 1164 745 1204 intense
778 1163 902 1203 luteis
935 1162 1075 1214 calyce
1113 1162 1238 1214 duplo
1270 1162 1540 1213 longioribus,
1579 1161 1749 1202 siliculis
1781 1160 1892 1212 pube

318 1218 485 1258 ramosa
503 1216 624 1257 hirtis
643 1216 708 1257 vel
731 1216 935 1268 glabratis
955 1214 1111 1255 infiatis
1130 1215 1269 1267 parvis
1290 1215 1422 1255 ovatis
1443 1214 1604 1255 obtusis
1623 1214 1689 1254 vel
1710 1214 1895 1254 acutius-

319 1270 421 1311 culis
440 1269 626 1362 breviteIer
644 1269 810 1321 stylatis
838 1272 896 1315 Q.
919 1267 979 1309 D.
1002 1267 1153 1320 alpina
1172 1267 1311 1309 Aitch.
1340 1267 1488 1308 Journ.
1511 1267 1634 1307 Linn.
1658 1265 1751 1307 Soc.
1775 1265 1889 1315 XIX,

318 1336 358 1374 p.
385 1325 460 1364 152
480 1334 563 1362 non
624 1353 633 1362 .

376 1393 469 1428 Hab.
497 1394 533 1427 in
565 1393 698 1436 alpinis
729 1391 776 1426 ad
808 1392 1015 1435 Schendtoi,
1048 1392 1226 1434 Sikaram,
1262 1396 1330 1425 etc.
1368 1391 1476 1425 vallis
1514 1390 1650 1424 Kuram
1687 1389 1892 1434 Affghaniae

334 1441 470 1485 (Aitch.
488 1441 550 1474 99!
574 1441 658 1473 112!
682 1441 748 1474 126
760 1439 794 1483 !).

378 1503 466 1537 Haec
494 1504 632 1546 species
661 1503 901 1546 vegetatione,
934 1501 1131 1536 caudiculis
1163 1501 1268 1535 nudis
1297 1500 1520 1544 repentibus,
1556 1504 1622 1534 etc.
1650 1499 1751 1533 nullo
1784 1505 1893 1542 pacto

334 1551 378 1584 D.
397 1551 529 1594 alpinae
548 1549 789 1584 consocianda
814 1555 887 1592 est3
913 1548 1006 1583 facie
1033 1554 1154 1583 autem
1177 1548 1224 1582 D.
1243 1548 1460 1591 incomptam
1485 1548 1580 1582 Stev.
1603 1547 1745 1580 omnino
1766 1545 1893 1589 refert,

338 1597 400 1632 sed
422 1596 543 1632 differt
560 1602 694 1640 praeter
714 1597 874 1631 siliculas
894 1596 1127 1630 abbreviatas
1147 1595 1275 1629 loculis
1292 1597 1436 1628 2-4—nec
1457 1593 1704 1628 6-8-0vulatis.

215 1727 306 1773 298,
341 1726 398 1765 D.
420 1724 743 1776 polytricha,
768 1723 876 1764 adde
899 1736 907 1763 :

379 1812 473 1846 Hab.
494 1812 530 1846 in
549 1812 696 1855 regione
719 1811 843 1854 alpina
862 1810 967 1844 Ponti
992 1809 1114 1844 Lazici
1134 1819 1245 1853 supra
1267 1809 1393 1852 Djimil
1410 1810 1514 1843 8400'
1534 1808 1673 1852 (Ba1.!).
1698 1808 1740 1841 In
1768 1807 1894 1842 eadem

332 1859 428 1893 valle
445 1858 492 1893 ad
511 1869 619 1902 rupes
638 1858 776 1892 calidas
790 1859 892 1892 6600*
907 1857 1023 1891 forma
1039 1857 1153 1900 magis
1173 1861 1360 1900 compacta
1380 1855 1476 1890 foliis
1499 1855 1719 1890 brevissimis
1736 1855 1893 1898 analoga

337 1906 507 1940 varietati
530 1905 559 1944 β.
581 1905 721 1950 bryoidi
740 1905 788 1939 D.
809 1904 943 1949 riyidoe.

217 2038 307 2083 298,
343 2036 402 2074 D.
424 2033 748 2074 mollissima
771 2046 779 2070 τ

382 2121 433 2156 Cl.
458 2120 648 2163 Ruprecht
668 2120 724 2154 Fl.
749 2120 856 2154 Cauc.
875 2130 909 2162 p.
934 2121 999 2153 112
1019 2118 1122 2153 addit
1149 2119 1364 2152 varietatem
1396 2118 1425 2157 β.
1461 2117 1651 2153 Οεεεὺἰσαηι
1682 2118 1718 2151 in
1744 2117 1896 2151 Ossetiae

338 2168 433 2202 valle
452 2167 550 2201 fluvii
570 2167 696 2201 Ardon
721 2177 835 2210 prope
859 2166 979 2202 Sadon
1007 2171 1042 2200 et
1070 2166 1212 2199 Nicolai
1240 2165 1286 2199 ad
1315 2175 1424 2208 rupes
1453 2169 1671 2208 praeruptas,
1697 2175 1777 2208 quae
1798 2163 1896 2198 foliis

335 2215 538 2258 praesertim
559 2214 786 2248 surculorum
807 2212 1231 2257 squamoso-patentibus
1256 2212 1445 2256 paululum
1461 2211 1594 2246 differt.

219 2346 308 2387 300,
343 2343 402 2382 D.
426 2342 646 2393 elegans
669 2353 678 2381 z

381 2430 469 2464 Haec
488 2431 626 2473 species
649 2431 684 2464 in
702 2430 820 2464 Hook.
841 2430 897 2463 Fl.
919 2430 1008 2464 Brit.
1038 2429 1115 2463 Ind.
1142 2429 1170 2472 I,
1198 2440 1232 2472 p.
1261 2430 1327 2462 142
1348 2428 1394 2463 ad
1415 2428 1462 2462 D.
1477 2429 1660 2473 ylacialem
1681 2438 1760 2462 meo
1790 2438 1897 2462 sensu

335 2477 492 2512 infauste
512 2477 716 2520 adducitur,
744 2477 806 2511 sed
830 2482 1002 2520 quantum
1024 2487 1067 2511 ex
1089 2475 1342 2520 speciminibus
1370 2476 1495 2518 paucis
1522 2475 1744 2519 imperfectis
1765 2474 1896 2518 dijudi-

337 2535 420 2559 care
447 2534 549 2568 queo,
579 2529 633 2558 est
662 2524 778 2558 forma
802 2525 918 2558 minor
946 2524 1042 2558 foliis
1073 2523 1342 2567 angustioribus
1369 2527 1406 2557 et
1428 2523 1577 2566 integris
1597 2522 1645 2556 D.
1676 2522 1898 2565 tridentatoe;

335 2571 443 2615 hujus
461 2572 658 2615 specimina
675 2571 867 2614 pollicaria
882 2575 938 2605 sat
956 2571 1087 2605 similia
1108 2581 1224 2614 nuper
1243 2580 1261 2605 e
1282 2571 1443 2605 Caucaso
1464 2570 1633 2605 orientali
1653 2568 1737 2604 vidi.

220 2718 311 2763 301,
342 2717 438 2766 post
455 2716 513 2754 D.
536 2715 831 2755 Armenam
850 2714 987 2755 insere
1010 2727 1018 2754 :

380 2800 439 2838 D.
462 2799 830 2850 supranivalis
853 2799 1002 2851 (Rupr.
1029 2798 1092 2839 Fl.
1116 2798 1244 2839 Cauc.
1266 2810 1308 2850 p.
1335 2797 1426 2850 116)
1448 2798 1666 2850 caespitosa
1685 2797 1898 2838 interdum

325 2852 567 2903 pulvinaris,
599 2850 706 2892 foliis
734 2852 787 2892 ad
813 2863 1033 2903 scaporum
1061 2851 1182 2892 basin
1211 2850 1409 2891 confertis
1440 2851 1625 2891 breviter
1655 2850 1898 2891 lineari-lin-

327 2904 481 2955 gulatis
502 2904 661 2945 obtusis
681 2908 837 2956 praeter
856 2905 950 2945 cilia
969 2904 1220 2956 marginalia
1238 2904 1382 2944 brevia
1407 2903 1703 2945 remotiuscula
1724 2902 1896 2954 glabris,

328 2957 464 3008 scapis
485 2956 661 3009 aphyllis
682 2957 802 2997 nanis
831 2956 1047 3003 2-4-floris,
1069 2956 1282 3008 pedicellis
1308 2957 1456 3007 longis,
1487 2956 1637 3008 petalis
1664 2955 1769 2996 albis
1802 2954 1900 2995 obo-

327 3010 433 3050 vatis
454 3009 594 3061 calyce
621 3009 766 3061 glabro
794 3009 917 3061 triplo
946 3009 1218 3061 longioribus,
1253 3009 1424 3050 siliculis
1450 3009 1614 3061 magnis
1643 3008 1778 3060 planis
1812 3007 1899 3059 gla-

327 3062 412 3103 bris
429 3061 621 3113 ellipticis
640 3062 731 3103 basi
752 3063 998 3111 attenuatis,
1020 3062 1128 3115 stylo
1148 3062 1264 3103 brevi
1291 3065 1348 3108 91.
