<?xml version="1.0" encoding="UTF-8"?>
<!DOCTYPE html PUBLIC "-//W3C//DTD XHTML 1.0 Transitional//EN"
    "http://www.w3.org/TR/xhtml1/DTD/xhtml1-transitional.dtd">
<html xmlns="http://www.w3.org/1999/xhtml" xml:lang="en" lang="en">
 <head>
  <title>
</title>
<meta http-equiv="Content-Type" content="text/html;charset=utf-8" />
  <meta name='ocr-system' content='tesseract 3.04.00' />
  <meta name='ocr-capabilities' content='ocr_page ocr_carea ocr_par ocr_line ocrx_word'/>
</head>
<body>
  <div class='ocr_page' id='page_1' title='image "./floraorientaliss00bois_0139.png"; bbox 0 0 2115 3250; ppageno 0'>
   <div class='ocr_carea' id='block_1_1' title="bbox 196 211 1867 248">
    <p class='ocr_par' dir='ltr' id='par_1_1' title="bbox 196 211 1867 248">
     <span class='ocr_line' id='line_1_1' title="bbox 196 211 1867 248; baseline -0.001 0"><span class='ocrx_word' id='word_1_1' title='bbox 196 212 318 248; x_wconf 81' lang='lat' dir='ltr'><strong><em>Silene.</em></strong></span> <span class='ocrx_word' id='word_1_2' title='bbox 943 222 1115 247; x_wconf 63' lang='lat' dir='ltr'>slnnnnz.</span> <span class='ocrx_word' id='word_1_3' title='bbox 1823 211 1867 247; x_wconf 71' lang='lat'>97</span> 
     </span>
    </p>
   </div>
   <div class='ocr_carea' id='block_1_2' title="bbox 197 294 1207 402">
    <p class='ocr_par' dir='ltr' id='par_1_2' title="bbox 197 294 1207 402">
     <span class='ocr_line' id='line_1_2' title="bbox 197 294 1207 402; baseline -0.002 -14"><span class='ocrx_word' id='word_1_4' title='bbox 197 294 287 396; x_wconf 53' lang='lat'>6135,</span> <span class='ocrx_word' id='word_1_5' title='bbox 322 348 375 388; x_wconf 89' lang='lat' dir='ltr'>S.</span> <span class='ocrx_word' id='word_1_6' title='bbox 399 347 690 388; x_wconf 79' lang='lat' dir='ltr'>densiflora</span> <span class='ocrx_word' id='word_1_7' title='bbox 711 350 747 402; x_wconf 90' lang='grc' dir='ltr'>β.</span> <span class='ocrx_word' id='word_1_8' title='bbox 767 345 1045 397; x_wconf 77' lang='lat' dir='ltr'>macroclada,</span> <span class='ocrx_word' id='word_1_9' title='bbox 1068 345 1176 386; x_wconf 90' lang='lat' dir='ltr'>adde</span> <span class='ocrx_word' id='word_1_10' title='bbox 1198 358 1207 386; x_wconf 75' lang='grc' dir='ltr'>ε</span> 
     </span>
    </p>
   </div>
   <div class='ocr_carea' id='block_1_3' title="bbox 359 432 1765 478">
    <p class='ocr_par' dir='ltr' id='par_1_3' title="bbox 359 432 1765 478">
     <span class='ocr_line' id='line_1_3' title="bbox 359 432 1765 478; baseline -0.001 -9"><span class='ocrx_word' id='word_1_11' title='bbox 359 434 452 469; x_wconf 82' lang='lat' dir='ltr'>Hah.</span> <span class='ocrx_word' id='word_1_12' title='bbox 472 435 508 468; x_wconf 91' lang='lat' dir='ltr'>in</span> <span class='ocrx_word' id='word_1_13' title='bbox 525 434 676 478; x_wconf 85' lang='lat' dir='ltr'>rupibus</span> <span class='ocrx_word' id='word_1_14' title='bbox 695 434 839 468; x_wconf 86' lang='lat' dir='ltr'>Tauriae</span> <span class='ocrx_word' id='word_1_15' title='bbox 856 444 971 477; x_wconf 87' lang='lat' dir='ltr'>prope</span> <span class='ocrx_word' id='word_1_16' title='bbox 988 433 1132 468; x_wconf 84' lang='lat' dir='ltr'>Sudack</span> <span class='ocrx_word' id='word_1_17' title='bbox 1152 432 1336 477; x_wconf 86' lang='lat' dir='ltr'>(Rehm.!),</span> <span class='ocrx_word' id='word_1_18' title='bbox 1357 432 1392 467; x_wconf 90' lang='lat' dir='ltr'>S.</span> <span class='ocrx_word' id='word_1_19' title='bbox 1413 443 1512 467; x_wconf 85' lang='lat' dir='ltr'>erosa</span> <span class='ocrx_word' id='word_1_20' title='bbox 1531 433 1659 468; x_wconf 88' lang='lat' dir='ltr'>Rehm.</span> <span class='ocrx_word' id='word_1_21' title='bbox 1678 433 1765 468; x_wconf 83' lang='lat' dir='ltr'>Mss.</span> 
     </span>
    </p>
   </div>
   <div class='ocr_carea' id='block_1_4' title="bbox 196 568 1468 623">
    <p class='ocr_par' dir='ltr' id='par_1_4' title="bbox 196 568 1468 623">
     <span class='ocr_line' id='line_1_4' title="bbox 196 568 1468 623; baseline -0.001 -12"><span class='ocrx_word' id='word_1_22' title='bbox 196 573 286 619; x_wconf 82' lang='grc'>608,</span> <span class='ocrx_word' id='word_1_23' title='bbox 321 571 374 611; x_wconf 93' lang='lat' dir='ltr'>S.</span> <span class='ocrx_word' id='word_1_24' title='bbox 401 570 705 619; x_wconf 85' lang='lat' dir='ltr'>Sendtneri,</span> <span class='ocrx_word' id='word_1_25' title='bbox 725 569 834 610; x_wconf 87' lang='lat' dir='ltr'>adde</span> <span class='ocrx_word' id='word_1_26' title='bbox 849 581 939 623; x_wconf 89' lang='lat' dir='ltr'>syn.</span> <span class='ocrx_word' id='word_1_27' title='bbox 965 582 973 610; x_wconf 91' lang='lat'><strong>:</strong></span> <span class='ocrx_word' id='word_1_28' title='bbox 998 569 1042 611; x_wconf 92' lang='lat' dir='ltr'><strong><em>S.</em></strong></span> <span class='ocrx_word' id='word_1_29' title='bbox 1066 568 1294 611; x_wconf 78' lang='lat' dir='ltr'>Schlosseri</span> <span class='ocrx_word' id='word_1_30' title='bbox 1310 568 1468 610; x_wconf 89' lang='lat' dir='ltr'>Vukot.</span> 
     </span>
    </p>
   </div>
   <div class='ocr_carea' id='block_1_5' title="bbox 358 657 1043 702">
    <p class='ocr_par' dir='ltr' id='par_1_5' title="bbox 358 657 1043 702">
     <span class='ocr_line' id='line_1_5' title="bbox 358 657 1043 702; baseline -0.001 -10"><span class='ocrx_word' id='word_1_31' title='bbox 358 657 451 693; x_wconf 86' lang='lat' dir='ltr'>Hab.</span> <span class='ocrx_word' id='word_1_32' title='bbox 473 668 615 702; x_wconf 90' lang='lat' dir='ltr'>quoque</span> <span class='ocrx_word' id='word_1_33' title='bbox 631 659 668 692; x_wconf 90' lang='lat' dir='ltr'>in</span> <span class='ocrx_word' id='word_1_34' title='bbox 682 658 808 693; x_wconf 81' lang='lat' dir='ltr'>Serbia</span> <span class='ocrx_word' id='word_1_35' title='bbox 829 662 865 692; x_wconf 89' lang='lat' dir='ltr'>et</span> <span class='ocrx_word' id='word_1_36' title='bbox 882 658 1043 693; x_wconf 78' lang='lat' dir='ltr'>Oroatia.</span> 
     </span>
    </p>
   </div>
   <div class='ocr_carea' id='block_1_6' title="bbox 196 793 1153 926">
    <p class='ocr_par' dir='ltr' id='par_1_6' title="bbox 196 793 1153 926">
     <span class='ocr_line' id='line_1_6' title="bbox 196 793 1153 845; baseline 0 -11"><span class='ocrx_word' id='word_1_37' title='bbox 196 796 286 842; x_wconf 89' lang='lat'>610,</span> <span class='ocrx_word' id='word_1_38' title='bbox 322 794 375 834; x_wconf 93' lang='lat' dir='ltr'>S.</span> <span class='ocrx_word' id='word_1_39' title='bbox 397 794 836 845; x_wconf 78' lang='lat' dir='ltr'>pharnaceiiolia,</span> <span class='ocrx_word' id='word_1_40' title='bbox 858 793 967 834; x_wconf 86' lang='lat' dir='ltr'>adde</span> <span class='ocrx_word' id='word_1_41' title='bbox 986 794 1121 835; x_wconf 90' lang='lat' dir='ltr'>locum</span> <span class='ocrx_word' id='word_1_42' title='bbox 1145 807 1153 834; x_wconf 88' lang='lat'>:</span> 
     </span>
     <span class='ocr_line' id='line_1_7' title="bbox 358 880 1004 926; baseline 0 -11"><span class='ocrx_word' id='word_1_43' title='bbox 358 880 518 916; x_wconf 86' lang='lat' dir='ltr'>Libanus</span> <span class='ocrx_word' id='word_1_44' title='bbox 535 892 645 925; x_wconf 87' lang='lat' dir='ltr'>supra</span> <span class='ocrx_word' id='word_1_45' title='bbox 664 881 784 916; x_wconf 91' lang='lat' dir='ltr'>Adros</span> <span class='ocrx_word' id='word_1_46' title='bbox 804 881 1004 926; x_wconf 81' lang='lat' dir='ltr'>(Peyronl).</span> 
     </span>
    </p>
   </div>
   <div class='ocr_carea' id='block_1_7' title="bbox 196 1017 1873 1231">
    <p class='ocr_par' dir='ltr' id='par_1_7' title="bbox 196 1017 1873 1231">
     <span class='ocr_line' id='line_1_8' title="bbox 196 1017 1873 1072; baseline 0.001 -13"><span class='ocrx_word' id='word_1_47' title='bbox 196 1021 286 1065; x_wconf 87' lang='lat'>611,</span> <span class='ocrx_word' id='word_1_48' title='bbox 322 1019 374 1059; x_wconf 91' lang='lat' dir='ltr'>S.</span> <span class='ocrx_word' id='word_1_49' title='bbox 408 1019 777 1071; x_wconf 80' lang='lat' dir='ltr'>Cappadocica</span> <span class='ocrx_word' id='word_1_50' title='bbox 808 1031 816 1059; x_wconf 89' lang='lat'><strong>:</strong></span> <span class='ocrx_word' id='word_1_51' title='bbox 853 1019 956 1059; x_wconf 86' lang='lat' dir='ltr'>Haec</span> <span class='ocrx_word' id='word_1_52' title='bbox 986 1022 1029 1060; x_wconf 89' lang='lat' dir='ltr'>et</span> <span class='ocrx_word' id='word_1_53' title='bbox 1061 1017 1105 1059; x_wconf 92' lang='lat' dir='ltr'><strong><em>S.</em></strong></span> <span class='ocrx_word' id='word_1_54' title='bbox 1139 1020 1343 1072; x_wconf 71' lang='lat' dir='ltr'>arqentea</span> <span class='ocrx_word' id='word_1_55' title='bbox 1370 1017 1562 1070; x_wconf 87' lang='lat' dir='ltr'>specifice</span> <span class='ocrx_word' id='word_1_56' title='bbox 1594 1030 1676 1059; x_wconf 91' lang='lat' dir='ltr'>non</span> <span class='ocrx_word' id='word_1_57' title='bbox 1704 1018 1873 1060; x_wconf 86' lang='lat' dir='ltr'>differre</span> 
     </span>
     <span class='ocr_line' id='line_1_9' title="bbox 299 1071 1872 1124; baseline 0.002 -13"><span class='ocrx_word' id='word_1_58' title='bbox 299 1071 507 1119; x_wconf 87' lang='lat' dir='ltr'>videntur,</span> <span class='ocrx_word' id='word_1_59' title='bbox 530 1071 603 1113; x_wconf 89' lang='lat' dir='ltr'>sed</span> <span class='ocrx_word' id='word_1_60' title='bbox 624 1083 772 1113; x_wconf 91' lang='lat' dir='ltr'>nomen</span> <span class='ocrx_word' id='word_1_61' title='bbox 796 1072 839 1113; x_wconf 93' lang='lat' dir='ltr'><strong><em>S.</em></strong></span> <span class='ocrx_word' id='word_1_62' title='bbox 861 1071 1157 1124; x_wconf 62' lang='lat' dir='ltr'>Cappadociam&gt;</span> <span class='ocrx_word' id='word_1_63' title='bbox 1186 1071 1338 1123; x_wconf 88' lang='lat' dir='ltr'>speciei</span> <span class='ocrx_word' id='word_1_64' title='bbox 1365 1071 1483 1123; x_wconf 87' lang='lat' dir='ltr'>cujus</span> <span class='ocrx_word' id='word_1_65' title='bbox 1511 1071 1656 1113; x_wconf 87' lang='lat' dir='ltr'>formae</span> <span class='ocrx_word' id='word_1_66' title='bbox 1681 1072 1872 1124; x_wconf 88' lang='lat' dir='ltr'>plurimae</span> 
     </span>
     <span class='ocr_line' id='line_1_10' title="bbox 299 1123 1872 1178; baseline 0.001 -14"><span class='ocrx_word' id='word_1_67' title='bbox 299 1124 451 1165; x_wconf 87' lang='lat' dir='ltr'>virides</span> <span class='ocrx_word' id='word_1_68' title='bbox 472 1124 762 1176; x_wconf 85' lang='lat' dir='ltr'>glabriusculae</span> <span class='ocrx_word' id='word_1_69' title='bbox 788 1131 887 1165; x_wconf 87' lang='lat' dir='ltr'>sunt</span> <span class='ocrx_word' id='word_1_70' title='bbox 913 1124 1162 1165; x_wconf 88' lang='lat' dir='ltr'>servendum</span> <span class='ocrx_word' id='word_1_71' title='bbox 1188 1136 1279 1165; x_wconf 86' lang='lat' dir='ltr'>esse</span> <span class='ocrx_word' id='word_1_72' title='bbox 1306 1123 1486 1165; x_wconf 89' lang='lat' dir='ltr'>videtur.</span> <span class='ocrx_word' id='word_1_73' title='bbox 1518 1124 1562 1166; x_wconf 89' lang='lat' dir='ltr'><strong><em>S.</em></strong></span> <span class='ocrx_word' id='word_1_74' title='bbox 1591 1127 1793 1178; x_wconf 68' lang='lat' dir='ltr'>arqentea</span> <span class='ocrx_word' id='word_1_75' title='bbox 1824 1144 1872 1158; x_wconf 95' lang='lat'><strong><em>=</em></strong></span> 
     </span>
     <span class='ocr_line' id='line_1_11' title="bbox 301 1175 951 1231; baseline -0.002 -13"><span class='ocrx_word' id='word_1_76' title='bbox 301 1175 345 1218; x_wconf 83' lang='lat' dir='ltr'><strong><em>S.</em></strong></span> <span class='ocrx_word' id='word_1_77' title='bbox 370 1176 656 1230; x_wconf 67' lang='lat' dir='ltr'>Cappadocica</span> <span class='ocrx_word' id='word_1_78' title='bbox 674 1194 711 1231; x_wconf 80' lang='grc' dir='ltr'>γ.</span> <span class='ocrx_word' id='word_1_79' title='bbox 735 1179 951 1230; x_wconf 61' lang='lat' dir='ltr'>amantea.</span> 
     </span>
    </p>
   </div>
   <div class='ocr_carea' id='block_1_8' title="bbox 195 1317 1129 1369">
    <p class='ocr_par' dir='ltr' id='par_1_8' title="bbox 195 1317 1129 1369">
     <span class='ocr_line' id='line_1_12' title="bbox 195 1317 1129 1369; baseline 0 -12"><span class='ocrx_word' id='word_1_80' title='bbox 195 1320 285 1365; x_wconf 88' lang='lat'>611,</span> <span class='ocrx_word' id='word_1_81' title='bbox 316 1319 412 1369; x_wconf 87' lang='lat' dir='ltr'>post</span> <span class='ocrx_word' id='word_1_82' title='bbox 435 1317 487 1357; x_wconf 88' lang='lat' dir='ltr'>S.</span> <span class='ocrx_word' id='word_1_83' title='bbox 513 1317 940 1368; x_wconf 84' lang='lat' dir='ltr'>cappadocicam</span> <span class='ocrx_word' id='word_1_84' title='bbox 959 1317 1098 1357; x_wconf 84' lang='lat' dir='ltr'>insere</span> <span class='ocrx_word' id='word_1_85' title='bbox 1121 1329 1129 1357; x_wconf 91' lang='lat'><strong>:</strong></span> 
     </span>
    </p>
   </div>
   <div class='ocr_carea' id='block_1_9' title="bbox 298 1403 1893 1984">
    <p class='ocr_par' dir='ltr' id='par_1_9' title="bbox 298 1403 1893 1984">
     <span class='ocr_line' id='line_1_13' title="bbox 358 1403 1875 1456; baseline 0.001 -12"><span class='ocrx_word' id='word_1_86' title='bbox 358 1405 412 1445; x_wconf 86' lang='lat' dir='ltr'><strong><em>S.</em></strong></span> <span class='ocrx_word' id='word_1_87' title='bbox 447 1405 806 1445; x_wconf 83' lang='lat' dir='ltr'>Parrowiana</span> <span class='ocrx_word' id='word_1_88' title='bbox 838 1404 990 1455; x_wconf 85' lang='lat' dir='ltr'>(Boiss.</span> <span class='ocrx_word' id='word_1_89' title='bbox 1021 1408 1064 1446; x_wconf 92' lang='lat' dir='ltr'>et</span> <span class='ocrx_word' id='word_1_90' title='bbox 1095 1404 1301 1456; x_wconf 89' lang='lat' dir='ltr'>Haussk.)</span> <span class='ocrx_word' id='word_1_91' title='bbox 1331 1405 1481 1455; x_wconf 76' lang='lat' dir='ltr'>glauca</span> <span class='ocrx_word' id='word_1_92' title='bbox 1511 1403 1660 1456; x_wconf 83' lang='lat' dir='ltr'>glabra</span> <span class='ocrx_word' id='word_1_93' title='bbox 1688 1417 1711 1445; x_wconf 88' lang='lat' dir='ltr'>e</span> <span class='ocrx_word' id='word_1_94' title='bbox 1740 1405 1875 1446; x_wconf 88' lang='lat' dir='ltr'>rhizo-</span> 
     </span>
     <span class='ocr_line' id='line_1_14' title="bbox 299 1457 1875 1511; baseline 0 -13"><span class='ocrx_word' id='word_1_95' title='bbox 299 1464 414 1498; x_wconf 88' lang='lat' dir='ltr'>mate</span> <span class='ocrx_word' id='word_1_96' title='bbox 441 1457 665 1511; x_wconf 85' lang='lat' dir='ltr'>cylindrico</span> <span class='ocrx_word' id='word_1_97' title='bbox 691 1457 744 1498; x_wconf 92' lang='lat' dir='ltr'>ad</span> <span class='ocrx_word' id='word_1_98' title='bbox 770 1457 921 1498; x_wconf 90' lang='lat' dir='ltr'>collum</span> <span class='ocrx_word' id='word_1_99' title='bbox 948 1457 1203 1498; x_wconf 82' lang='lat' dir='ltr'>imbricatim</span> <span class='ocrx_word' id='word_1_100' title='bbox 1228 1469 1449 1510; x_wconf 89' lang='lat' dir='ltr'>squamoso</span> <span class='ocrx_word' id='word_1_101' title='bbox 1469 1457 1725 1510; x_wconf 88' lang='lat' dir='ltr'>pluricaulis,</span> <span class='ocrx_word' id='word_1_102' title='bbox 1748 1457 1875 1498; x_wconf 86' lang='lat' dir='ltr'>cauli-</span> 
     </span>
     <span class='ocr_line' id='line_1_15' title="bbox 300 1509 1875 1562; baseline 0 -12"><span class='ocrx_word' id='word_1_103' title='bbox 300 1509 377 1551; x_wconf 90' lang='lat' dir='ltr'>bus</span> <span class='ocrx_word' id='word_1_104' title='bbox 398 1510 604 1561; x_wconf 83' lang='lat' dir='ltr'>elongatis</span> <span class='ocrx_word' id='word_1_105' title='bbox 624 1509 778 1551; x_wconf 87' lang='lat' dir='ltr'>foliatis</span> <span class='ocrx_word' id='word_1_106' title='bbox 794 1510 1066 1562; x_wconf 79' lang='lat' dir='ltr'>simplicibus,</span> <span class='ocrx_word' id='word_1_107' title='bbox 1090 1509 1198 1551; x_wconf 83' lang='lat' dir='ltr'>foliis</span> <span class='ocrx_word' id='word_1_108' title='bbox 1219 1510 1447 1551; x_wconf 90' lang='lat' dir='ltr'>carnosulis</span> <span class='ocrx_word' id='word_1_109' title='bbox 1469 1510 1603 1551; x_wconf 89' lang='lat' dir='ltr'>acutis</span> <span class='ocrx_word' id='word_1_110' title='bbox 1624 1510 1689 1551; x_wconf 90' lang='lat' dir='ltr'>vel</span> <span class='ocrx_word' id='word_1_111' title='bbox 1719 1511 1875 1551; x_wconf 92' lang='lat' dir='ltr'>acumi-</span> 
     </span>
     <span class='ocr_line' id='line_1_16' title="bbox 301 1562 1874 1615; baseline 0.001 -13"><span class='ocrx_word' id='word_1_112' title='bbox 301 1563 411 1603; x_wconf 83' lang='lat' dir='ltr'>natis</span> <span class='ocrx_word' id='word_1_113' title='bbox 433 1563 484 1604; x_wconf 91' lang='lat' dir='ltr'>ab</span> <span class='ocrx_word' id='word_1_114' title='bbox 505 1562 771 1603; x_wconf 88' lang='lat' dir='ltr'>inferioribus</span> <span class='ocrx_word' id='word_1_115' title='bbox 790 1563 979 1614; x_wconf 85' lang='lat' dir='ltr'>oblongis</span> <span class='ocrx_word' id='word_1_116' title='bbox 1008 1563 1052 1603; x_wconf 89' lang='lat' dir='ltr'>in</span> <span class='ocrx_word' id='word_1_117' title='bbox 1077 1563 1278 1615; x_wconf 87' lang='lat' dir='ltr'>petiolum</span> <span class='ocrx_word' id='word_1_118' title='bbox 1306 1563 1613 1615; x_wconf 84' lang='lat' dir='ltr'>longiusculum</span> <span class='ocrx_word' id='word_1_119' title='bbox 1640 1563 1874 1604; x_wconf 88' lang='lat' dir='ltr'>attenuatis</span> 
     </span>
     <span class='ocr_line' id='line_1_17' title="bbox 301 1615 1875 1668; baseline 0.001 -13"><span class='ocrx_word' id='word_1_120' title='bbox 301 1615 356 1655; x_wconf 90' lang='lat' dir='ltr'>ad</span> <span class='ocrx_word' id='word_1_121' title='bbox 392 1616 607 1667; x_wconf 80' lang='lat' dir='ltr'>superiora</span> <span class='ocrx_word' id='word_1_122' title='bbox 645 1615 819 1656; x_wconf 80' lang='lat' dir='ltr'>linearia</span> <span class='ocrx_word' id='word_1_123' title='bbox 857 1615 1088 1664; x_wconf 80' lang='lat' dir='ltr'>diminutis,</span> <span class='ocrx_word' id='word_1_124' title='bbox 1129 1616 1302 1668; x_wconf 90' lang='lat' dir='ltr'>cymulis</span> <span class='ocrx_word' id='word_1_125' title='bbox 1341 1616 1542 1668; x_wconf 88' lang='lat' dir='ltr'>oppositis</span> <span class='ocrx_word' id='word_1_126' title='bbox 1610 1615 1875 1656; x_wconf 87' lang='lat' dir='ltr'>edunculatis</span> 
     </span>
     <span class='ocr_line' id='line_1_18' title="bbox 300 1667 1876 1719; baseline 0.001 -11"><span class='ocrx_word' id='word_1_127' title='bbox 300 1679 514 1709; x_wconf 81' lang='lat' dir='ltr'>racemum</span> <span class='ocrx_word' id='word_1_128' title='bbox 534 1668 759 1719; x_wconf 85' lang='lat' dir='ltr'>oblongum</span> <span class='ocrx_word' id='word_1_129' title='bbox 779 1667 1072 1716; x_wconf 83' lang='lat' dir='ltr'>formantibus,</span> <span class='ocrx_word' id='word_1_130' title='bbox 1094 1668 1277 1709; x_wconf 80' lang='lat' dir='ltr'>bracteis</span> <span class='ocrx_word' id='word_1_131' title='bbox 1296 1668 1551 1709; x_wconf 82' lang='lat' dir='ltr'>brevissimis</span> <span class='ocrx_word' id='word_1_132' title='bbox 1596 1668 1876 1709; x_wconf 87' lang='lat' dir='ltr'>ineari-subu-</span> 
     </span>
     <span class='ocr_line' id='line_1_19' title="bbox 298 1720 1873 1774; baseline 0.001 -14"><span class='ocrx_word' id='word_1_133' title='bbox 298 1720 415 1769; x_wconf 85' lang='lat' dir='ltr'>latis,</span> <span class='ocrx_word' id='word_1_134' title='bbox 455 1720 667 1773; x_wconf 84' lang='lat' dir='ltr'>pedicelh&#39;s</span> <span class='ocrx_word' id='word_1_135' title='bbox 703 1721 973 1762; x_wconf 88' lang='lat' dir='ltr'>bracteolatis</span> <span class='ocrx_word' id='word_1_136' title='bbox 1012 1721 1154 1774; x_wconf 86' lang='lat' dir='ltr'>calyce</span> <span class='ocrx_word' id='word_1_137' title='bbox 1190 1721 1466 1769; x_wconf 89' lang='lat' dir='ltr'>brevioribus,</span> <span class='ocrx_word' id='word_1_138' title='bbox 1507 1720 1678 1762; x_wconf 86' lang='lat' dir='ltr'>fioribus</span> <span class='ocrx_word' id='word_1_139' title='bbox 1716 1722 1873 1773; x_wconf 91' lang='lat' dir='ltr'>parvis,</span> 
     </span>
     <span class='ocr_line' id='line_1_20' title="bbox 300 1773 1893 1825; baseline 0.001 -12"><span class='ocrx_word' id='word_1_140' title='bbox 300 1773 440 1825; x_wconf 82' lang='lat' dir='ltr'>calyce</span> <span class='ocrx_word' id='word_1_141' title='bbox 458 1774 620 1814; x_wconf 78' lang='lat' dir='ltr'>virente</span> <span class='ocrx_word' id='word_1_142' title='bbox 645 1773 913 1814; x_wconf 88' lang='lat' dir='ltr'>subcoriaceo</span> <span class='ocrx_word' id='word_1_143' title='bbox 942 1773 1377 1815; x_wconf 86' lang='lat' dir='ltr'>obconico-turbinato</span> <span class='ocrx_word' id='word_1_144' title='bbox 1403 1773 1646 1815; x_wconf 88' lang='lat' dir='ltr'>subcostato</span> <span class='ocrx_word' id='word_1_145' title='bbox 1677 1773 1893 1815; x_wconf 86' lang='lat' dir='ltr'>dentibus</span> 
     </span>
     <span class='ocr_line' id='line_1_21' title="bbox 299 1826 1876 1879; baseline 0.001 -13"><span class='ocrx_word' id='word_1_146' title='bbox 299 1826 432 1866; x_wconf 87' lang='lat' dir='ltr'>ovatis</span> <span class='ocrx_word' id='word_1_147' title='bbox 468 1826 555 1867; x_wconf 89' lang='lat' dir='ltr'>late</span> <span class='ocrx_word' id='word_1_148' title='bbox 591 1826 1181 1878; x_wconf 85' lang='lat' dir='ltr'>membranaceo-marginatis</span> <span class='ocrx_word' id='word_1_149' title='bbox 1214 1826 1423 1875; x_wconf 89' lang='lat' dir='ltr'>ciliatulis,</span> <span class='ocrx_word' id='word_1_150' title='bbox 1459 1827 1695 1879; x_wconf 88' lang='lat' dir='ltr'>petalorum</span> <span class='ocrx_word' id='word_1_151' title='bbox 1733 1838 1876 1878; x_wconf 87' lang='lat' dir='ltr'>ungue</span> 
     </span>
     <span class='ocr_line' id='line_1_22' title="bbox 299 1877 1874 1932; baseline 0.001 -14"><span class='ocrx_word' id='word_1_152' title='bbox 299 1877 475 1919; x_wconf 85' lang='lat' dir='ltr'>dilatato</span> <span class='ocrx_word' id='word_1_153' title='bbox 496 1878 649 1927; x_wconf 89' lang='lat' dir='ltr'>ciliato‚</span> <span class='ocrx_word' id='word_1_154' title='bbox 671 1879 828 1919; x_wconf 77' lang='lat' dir='ltr'>lamina</span> <span class='ocrx_word' id='word_1_155' title='bbox 846 1879 1009 1920; x_wconf 89' lang='lat' dir='ltr'>virente</span> <span class='ocrx_word' id='word_1_156' title='bbox 1028 1880 1068 1919; x_wconf 91' lang='lat' dir='ltr'>in</span> <span class='ocrx_word' id='word_1_157' title='bbox 1090 1879 1263 1920; x_wconf 89' lang='lat' dir='ltr'>lacinias</span> <span class='ocrx_word' id='word_1_158' title='bbox 1282 1879 1461 1920; x_wconf 88' lang='lat' dir='ltr'>lineares</span> <span class='ocrx_word' id='word_1_159' title='bbox 1486 1879 1706 1932; x_wconf 76' lang='lat' dir='ltr'>bipartita,</span> <span class='ocrx_word' id='word_1_160' title='bbox 1730 1891 1874 1932; x_wconf 89' lang='lat' dir='ltr'>carpo-</span> 
     </span>
     <span class='ocr_line' id='line_1_23' title="bbox 299 1930 1354 1984; baseline 0.002 -13"><span class='ocrx_word' id='word_1_161' title='bbox 299 1930 429 1982; x_wconf 91' lang='lat' dir='ltr'>phoro</span> <span class='ocrx_word' id='word_1_162' title='bbox 451 1932 589 1972; x_wconf 88' lang='lat' dir='ltr'>ovario</span> <span class='ocrx_word' id='word_1_163' title='bbox 609 1931 764 1983; x_wconf 88' lang='lat' dir='ltr'>pluries</span> <span class='ocrx_word' id='word_1_164' title='bbox 783 1931 988 1981; x_wconf 90' lang='lat' dir='ltr'>breviore,</span> <span class='ocrx_word' id='word_1_165' title='bbox 1012 1932 1182 1984; x_wconf 78' lang='lat' dir='ltr'>capsula</span> <span class='ocrx_word' id='word_1_166' title='bbox 1187 1964 1267 1973; x_wconf 89' lang='grc'><strong>.....</strong></span> <span class='ocrx_word' id='word_1_167' title='bbox 1296 1936 1354 1980; x_wconf 67' lang='lat'>521.</span> 
     </span>
    </p>
   </div>
   <div class='ocr_carea' id='block_1_10' title="bbox 313 2002 1877 2095">
    <p class='ocr_par' dir='ltr' id='par_1_10' title="bbox 313 2002 1877 2095">
     <span class='ocr_line' id='line_1_24' title="bbox 358 2002 1877 2046; baseline 0.001 -10"><span class='ocrx_word' id='word_1_168' title='bbox 358 2002 451 2037; x_wconf 90' lang='lat' dir='ltr'>Hab.</span> <span class='ocrx_word' id='word_1_169' title='bbox 471 2003 507 2036; x_wconf 91' lang='lat' dir='ltr'>in</span> <span class='ocrx_word' id='word_1_170' title='bbox 527 2002 663 2037; x_wconf 87' lang='lat' dir='ltr'>fissuris</span> <span class='ocrx_word' id='word_1_171' title='bbox 685 2004 829 2046; x_wconf 91' lang='lat' dir='ltr'>rupium</span> <span class='ocrx_word' id='word_1_172' title='bbox 859 2003 1109 2038; x_wconf 86' lang='lat' dir='ltr'>calcarearum</span> <span class='ocrx_word' id='word_1_173' title='bbox 1137 2004 1311 2038; x_wconf 87' lang='lat' dir='ltr'>montium</span> <span class='ocrx_word' id='word_1_174' title='bbox 1341 2004 1458 2038; x_wconf 90' lang='lat' dir='ltr'>Lolan</span> <span class='ocrx_word' id='word_1_175' title='bbox 1493 2008 1528 2038; x_wconf 88' lang='lat' dir='ltr'>et</span> <span class='ocrx_word' id='word_1_176' title='bbox 1557 2004 1707 2038; x_wconf 87' lang='lat' dir='ltr'>Parrow</span> <span class='ocrx_word' id='word_1_177' title='bbox 1742 2004 1877 2038; x_wconf 84' lang='lat' dir='ltr'>Persiae</span> 
     </span>
     <span class='ocr_line' id='line_1_25' title="bbox 313 2049 1577 2095; baseline 0.001 -12"><span class='ocrx_word' id='word_1_178' title='bbox 313 2049 548 2084; x_wconf 88' lang='lat' dir='ltr'>occidentalis</span> <span class='ocrx_word' id='word_1_179' title='bbox 567 2060 682 2094; x_wconf 90' lang='lat' dir='ltr'>prope</span> <span class='ocrx_word' id='word_1_180' title='bbox 702 2050 978 2085; x_wconf 89' lang='lat' dir='ltr'>Kermanschah</span> <span class='ocrx_word' id='word_1_181' title='bbox 999 2052 1140 2085; x_wconf 60' lang='lat'>5-60001</span> <span class='ocrx_word' id='word_1_182' title='bbox 1163 2050 1334 2094; x_wconf 88' lang='lat' dir='ltr'>(Haussk.</span> <span class='ocrx_word' id='word_1_183' title='bbox 1347 2051 1381 2095; x_wconf 69' lang='grc' dir='ltr'>ἔ).</span> <span class='ocrx_word' id='word_1_184' title='bbox 1403 2051 1458 2085; x_wconf 85' lang='lat' dir='ltr'>Fl.</span> <span class='ocrx_word' id='word_1_185' title='bbox 1478 2052 1577 2095; x_wconf 89' lang='lat' dir='ltr'>Sept.</span> 
     </span>
    </p>
   </div>
   <div class='ocr_carea' id='block_1_11' title="bbox 312 2114 1879 2253">
    <p class='ocr_par' dir='ltr' id='par_1_11' title="bbox 312 2114 1879 2253">
     <span class='ocr_line' id='line_1_26' title="bbox 359 2114 1879 2160; baseline 0 -12"><span class='ocrx_word' id='word_1_186' title='bbox 359 2114 489 2149; x_wconf 85' lang='lat' dir='ltr'>Caules</span> <span class='ocrx_word' id='word_1_187' title='bbox 509 2114 670 2158; x_wconf 87' lang='lat' dir='ltr'>pedales,</span> <span class='ocrx_word' id='word_1_188' title='bbox 688 2125 852 2150; x_wconf 88' lang='lat' dir='ltr'>racemus</span> <span class='ocrx_word' id='word_1_189' title='bbox 869 2115 975 2150; x_wconf 84' lang='lat' dir='ltr'>laxus</span> <span class='ocrx_word' id='word_1_190' title='bbox 992 2116 1270 2159; x_wconf 84' lang='lat' dir='ltr'>2-3-pollicaris‚</span> <span class='ocrx_word' id='word_1_191' title='bbox 1288 2115 1394 2160; x_wconf 87' lang='lat' dir='ltr'>calyx</span> <span class='ocrx_word' id='word_1_192' title='bbox 1411 2116 1473 2150; x_wconf 87' lang='lat' dir='ltr'>vix</span> <span class='ocrx_word' id='word_1_193' title='bbox 1490 2117 1510 2150; x_wconf 85' lang='lat'><strong>3</strong></span> <span class='ocrx_word' id='word_1_194' title='bbox 1529 2116 1646 2150; x_wconf 86' lang='lat' dir='ltr'>lineas</span> <span class='ocrx_word' id='word_1_195' title='bbox 1667 2116 1807 2160; x_wconf 89' lang='lat' dir='ltr'>longus.</span> <span class='ocrx_word' id='word_1_196' title='bbox 1837 2115 1879 2149; x_wconf 91' lang='lat' dir='ltr'>In</span> 
     </span>
     <span class='ocr_line' id='line_1_27' title="bbox 312 2161 1879 2206; baseline 0.001 -11"><span class='ocrx_word' id='word_1_197' title='bbox 312 2161 565 2204; x_wconf 87' lang='lat' dir='ltr'>speciminibus</span> <span class='ocrx_word' id='word_1_198' title='bbox 585 2162 786 2197; x_wconf 85' lang='lat' dir='ltr'>observatis</span> <span class='ocrx_word' id='word_1_199' title='bbox 806 2162 890 2206; x_wconf 85' lang='lat' dir='ltr'>styli</span> <span class='ocrx_word' id='word_1_200' title='bbox 911 2163 1058 2206; x_wconf 87' lang='lat' dir='ltr'>exserti,</span> <span class='ocrx_word' id='word_1_201' title='bbox 1072 2162 1258 2197; x_wconf 86' lang='lat' dir='ltr'>filamenta</span> <span class='ocrx_word' id='word_1_202' title='bbox 1277 2168 1399 2197; x_wconf 89' lang='lat' dir='ltr'>autem</span> <span class='ocrx_word' id='word_1_203' title='bbox 1416 2163 1631 2197; x_wconf 83' lang='lat' dir='ltr'>brevissima</span> <span class='ocrx_word' id='word_1_204' title='bbox 1653 2173 1732 2197; x_wconf 90' lang='lat' dir='ltr'>cum</span> <span class='ocrx_word' id='word_1_205' title='bbox 1750 2162 1879 2197; x_wconf 84' lang='lat' dir='ltr'>anthe-</span> 
     </span>
     <span class='ocr_line' id='line_1_28' title="bbox 312 2208 1374 2253; baseline 0.002 -11"><span class='ocrx_word' id='word_1_206' title='bbox 312 2209 362 2242; x_wconf 90' lang='lat' dir='ltr'>ris</span> <span class='ocrx_word' id='word_1_207' title='bbox 377 2208 517 2251; x_wconf 89' lang='lat' dir='ltr'>effoetis,</span> <span class='ocrx_word' id='word_1_208' title='bbox 537 2208 633 2243; x_wconf 88' lang='lat' dir='ltr'>unde</span> <span class='ocrx_word' id='word_1_209' title='bbox 652 2209 747 2243; x_wconf 85' lang='lat' dir='ltr'>hanc</span> <span class='ocrx_word' id='word_1_210' title='bbox 766 2210 921 2253; x_wconf 89' lang='lat' dir='ltr'>speciem</span> <span class='ocrx_word' id='word_1_211' title='bbox 940 2209 1093 2244; x_wconf 89' lang='lat' dir='ltr'>dioicam</span> <span class='ocrx_word' id='word_1_212' title='bbox 1115 2220 1194 2245; x_wconf 88' lang='lat' dir='ltr'>esse</span> <span class='ocrx_word' id='word_1_213' title='bbox 1213 2214 1374 2244; x_wconf 90' lang='lat' dir='ltr'>autumo.</span> 
     </span>
    </p>
   </div>
   <div class='ocr_carea' id='block_1_12' title="bbox 197 2339 927 2391">
    <p class='ocr_par' dir='ltr' id='par_1_12' title="bbox 197 2339 927 2391">
     <span class='ocr_line' id='line_1_29' title="bbox 197 2339 927 2391; baseline 0.001 -11"><span class='ocrx_word' id='word_1_214' title='bbox 197 2340 287 2387; x_wconf 41' lang='lat'>61³1,</span> <span class='ocrx_word' id='word_1_215' title='bbox 323 2339 375 2380; x_wconf 93' lang='lat' dir='ltr'>S.</span> <span class='ocrx_word' id='word_1_216' title='bbox 399 2341 764 2391; x_wconf 80' lang='lat' dir='ltr'>stenobotrys‚</span> <span class='ocrx_word' id='word_1_217' title='bbox 787 2339 896 2381; x_wconf 89' lang='lat' dir='ltr'>adde</span> <span class='ocrx_word' id='word_1_218' title='bbox 918 2353 927 2381; x_wconf 91' lang='lat'>:</span> 
     </span>
    </p>
   </div>
   <div class='ocr_carea' id='block_1_13' title="bbox 359 2425 1744 2471">
    <p class='ocr_par' dir='ltr' id='par_1_13' title="bbox 359 2425 1744 2471">
     <span class='ocr_line' id='line_1_30' title="bbox 359 2425 1744 2471; baseline 0.001 -12"><span class='ocrx_word' id='word_1_219' title='bbox 359 2425 453 2460; x_wconf 85' lang='lat' dir='ltr'>Hah.</span> <span class='ocrx_word' id='word_1_220' title='bbox 471 2425 507 2459; x_wconf 87' lang='lat' dir='ltr'>in</span> <span class='ocrx_word' id='word_1_221' title='bbox 525 2425 668 2460; x_wconf 86' lang='lat' dir='ltr'>deserto</span> <span class='ocrx_word' id='word_1_222' title='bbox 686 2426 733 2460; x_wconf 92' lang='lat' dir='ltr'>ad</span> <span class='ocrx_word' id='word_1_223' title='bbox 753 2426 894 2461; x_wconf 85' lang='lat' dir='ltr'>radices</span> <span class='ocrx_word' id='word_1_224' title='bbox 913 2427 1047 2461; x_wconf 90' lang='lat' dir='ltr'>montis</span> <span class='ocrx_word' id='word_1_225' title='bbox 1065 2427 1213 2471; x_wconf 84' lang='lat' dir='ltr'>Sindjar</span> <span class='ocrx_word' id='word_1_226' title='bbox 1233 2427 1507 2471; x_wconf 61' lang='lat' dir='ltr'>Mesopotamiae</span> <span class='ocrx_word' id='word_1_227' title='bbox 1527 2427 1744 2471; x_wconf 88' lang='lat' dir='ltr'>(Haussk.!).</span> 
     </span>
    </p>
   </div>
   <div class='ocr_carea' id='block_1_14' title="bbox 198 2555 982 2607">
    <p class='ocr_par' dir='ltr' id='par_1_14' title="bbox 198 2555 982 2607">
     <span class='ocr_line' id='line_1_31' title="bbox 198 2555 982 2607; baseline 0.003 -11"><span class='ocrx_word' id='word_1_228' title='bbox 198 2558 288 2604; x_wconf 89' lang='lat'>612,</span> <span class='ocrx_word' id='word_1_229' title='bbox 324 2556 377 2595; x_wconf 93' lang='lat' dir='ltr'>S.</span> <span class='ocrx_word' id='word_1_230' title='bbox 400 2556 817 2607; x_wconf 75' lang='lat' dir='ltr'>sperqulaefolia,</span> <span class='ocrx_word' id='word_1_231' title='bbox 839 2555 948 2597; x_wconf 89' lang='lat' dir='ltr'>adde</span> <span class='ocrx_word' id='word_1_232' title='bbox 973 2569 982 2597; x_wconf 76' lang='grc' dir='ltr'>ε</span> 
     </span>
    </p>
   </div>
   <div class='ocr_carea' id='block_1_15' title="bbox 360 2643 1878 2689">
    <p class='ocr_par' dir='ltr' id='par_1_15' title="bbox 360 2643 1878 2689">
     <span class='ocr_line' id='line_1_32' title="bbox 360 2643 1878 2689; baseline 0.002 -11"><span class='ocrx_word' id='word_1_233' title='bbox 360 2643 454 2678; x_wconf 90' lang='lat' dir='ltr'>Hab.</span> <span class='ocrx_word' id='word_1_234' title='bbox 472 2645 508 2678; x_wconf 91' lang='lat' dir='ltr'>in</span> <span class='ocrx_word' id='word_1_235' title='bbox 522 2645 673 2679; x_wconf 87' lang='lat' dir='ltr'>Caucasi</span> <span class='ocrx_word' id='word_1_236' title='bbox 687 2645 939 2689; x_wconf 71' lang='lat' dir='ltr'>Daghestania</span> <span class='ocrx_word' id='word_1_237' title='bbox 954 2645 1075 2680; x_wconf 76' lang='lat' dir='ltr'>media</span> <span class='ocrx_word' id='word_1_238' title='bbox 1089 2647 1190 2680; x_wconf 83' lang='lat'>6000&#39;</span> <span class='ocrx_word' id='word_1_239' title='bbox 1206 2645 1334 2689; x_wconf 89' lang='lat' dir='ltr'>(Rupr.</span> <span class='ocrx_word' id='word_1_240' title='bbox 1345 2647 1378 2689; x_wconf 78' lang='lat'>1),</span> <span class='ocrx_word' id='word_1_241' title='bbox 1394 2645 1595 2681; x_wconf 74' lang='lat' dir='ltr'>Cartalinia</span> <span class='ocrx_word' id='word_1_242' title='bbox 1612 2645 1829 2689; x_wconf 87' lang='lat' dir='ltr'>(Brotherus</span> <span class='ocrx_word' id='word_1_243' title='bbox 1841 2646 1878 2689; x_wconf 78' lang='grc' dir='ltr'>Ι).</span> 
     </span>
    </p>
   </div>
   <div class='ocr_carea' id='block_1_16' title="bbox 314 2691 1879 2783">
    <p class='ocr_par' dir='ltr' id='par_1_16' title="bbox 314 2691 1879 2783">
     <span class='ocr_line' id='line_1_33' title="bbox 321 2691 1879 2737; baseline 0.001 -11"><span class='ocrx_word' id='word_1_244' title='bbox 321 2691 484 2726; x_wconf 87' lang='lat' dir='ltr'>Varietas</span> <span class='ocrx_word' id='word_1_245' title='bbox 504 2703 536 2734; x_wconf 82' lang='grc' dir='ltr'>γ.</span> <span class='ocrx_word' id='word_1_246' title='bbox 557 2692 747 2726; x_wconf 80' lang='lat' dir='ltr'>arbuscula</span> <span class='ocrx_word' id='word_1_247' title='bbox 771 2692 807 2726; x_wconf 92' lang='lat' dir='ltr'>in</span> <span class='ocrx_word' id='word_1_248' title='bbox 827 2693 1041 2736; x_wconf 83' lang='lat' dir='ltr'>graminosis</span> <span class='ocrx_word' id='word_1_249' title='bbox 1069 2692 1243 2727; x_wconf 88' lang='lat' dir='ltr'>montium</span> <span class='ocrx_word' id='word_1_250' title='bbox 1272 2693 1406 2737; x_wconf 84' lang='lat' dir='ltr'>Sawus,</span> <span class='ocrx_word' id='word_1_251' title='bbox 1435 2693 1525 2737; x_wconf 89' lang='lat' dir='ltr'>Nur,</span> <span class='ocrx_word' id='word_1_252' title='bbox 1548 2692 1716 2728; x_wconf 85' lang='lat' dir='ltr'>Eschker</span> <span class='ocrx_word' id='word_1_253' title='bbox 1742 2693 1879 2728; x_wconf 84' lang='lat' dir='ltr'>Persiae</span> 
     </span>
     <span class='ocr_line' id='line_1_34' title="bbox 314 2737 896 2783; baseline 0 -10"><span class='ocrx_word' id='word_1_254' title='bbox 314 2737 548 2773; x_wconf 88' lang='lat' dir='ltr'>occidentalis</span> <span class='ocrx_word' id='word_1_255' title='bbox 564 2740 666 2773; x_wconf 84' lang='lat'>8000‘</span> <span class='ocrx_word' id='word_1_256' title='bbox 688 2738 849 2783; x_wconf 82' lang='lat' dir='ltr'>(Haussk</span> <span class='ocrx_word' id='word_1_257' title='bbox 859 2740 896 2781; x_wconf 70' lang='grc' dir='ltr'>ἒ).</span> 
     </span>
    </p>
   </div>
   <div class='ocr_carea' id='block_1_17' title="bbox 199 2870 1877 3074">
    <p class='ocr_par' dir='ltr' id='par_1_17' title="bbox 199 2870 1877 3074">
     <span class='ocr_line' id='line_1_35' title="bbox 199 2870 690 2921; baseline -0.006 -9"><span class='ocrx_word' id='word_1_258' title='bbox 199 2874 290 2919; x_wconf 84' lang='grc'>612,</span> <span class='ocrx_word' id='word_1_259' title='bbox 325 2870 379 2911; x_wconf 89' lang='lat' dir='ltr'>S.</span> <span class='ocrx_word' id='word_1_260' title='bbox 401 2870 690 2921; x_wconf 86' lang='lat' dir='ltr'>pruinosa:</span> 
     </span>
     <span class='ocr_line' id='line_1_36' title="bbox 361 2957 1877 3003; baseline 0 -10"><span class='ocrx_word' id='word_1_261' title='bbox 361 2959 465 2993; x_wconf 81' lang='lat' dir='ltr'>Hanc</span> <span class='ocrx_word' id='word_1_262' title='bbox 481 2963 523 2992; x_wconf 94' lang='lat' dir='ltr'>ut</span> <span class='ocrx_word' id='word_1_263' title='bbox 537 2958 753 2993; x_wconf 78' lang='lat' dir='ltr'>varietatem</span> <span class='ocrx_word' id='word_1_264' title='bbox 772 2958 808 2994; x_wconf 89' lang='lat' dir='ltr'><strong><em>S.</em></strong></span> <span class='ocrx_word' id='word_1_265' title='bbox 825 2959 963 3003; x_wconf 68' lang='lat' dir='ltr'>supinae</span> <span class='ocrx_word' id='word_1_266' title='bbox 982 2958 1027 2993; x_wconf 89' lang='lat' dir='ltr'>cl.</span> <span class='ocrx_word' id='word_1_267' title='bbox 1045 2958 1243 2993; x_wconf 83' lang='lat' dir='ltr'>Rohrbach</span> <span class='ocrx_word' id='word_1_268' title='bbox 1262 2958 1385 3002; x_wconf 79' lang='lat' dir='ltr'>habet,</span> <span class='ocrx_word' id='word_1_269' title='bbox 1403 2957 1467 2993; x_wconf 88' lang='lat' dir='ltr'>sed</span> <span class='ocrx_word' id='word_1_270' title='bbox 1483 2968 1563 2993; x_wconf 89' lang='lat' dir='ltr'>meo</span> <span class='ocrx_word' id='word_1_271' title='bbox 1583 2968 1691 2993; x_wconf 85' lang='lat' dir='ltr'>sensu</span> <span class='ocrx_word' id='word_1_272' title='bbox 1706 2958 1877 3002; x_wconf 42' lang='lat' dir='ltr'>erronea</span> 
     </span>
     <span class='ocr_line' id='line_1_37' title="bbox 1667 3040 1686 3074; baseline 0 0"><span class='ocrx_word' id='word_1_273' title='bbox 1667 3040 1686 3074; x_wconf 91' lang='grc'><strong>7</strong></span> 
     </span>
    </p>
   </div>
  </div>
 </body>
</html>
