2094 3351
223 239 270 274 84

221 318 291 352 Peg.

223 658 314 702 529,

224 1645 314 1689 533,

225 2036 315 2081 538,

222 2547 314 2591 5239,

976 249 1148 272 SILENEAE.
1688 239 1898 285 saponaria.

343 373 457 417 Calyx
480 375 522 406 10
543 372 657 406 lineas
682 371 822 415 longus.
840 370 958 405 Valde
984 370 1103 405 affinis
1122 370 1157 406 S.
1184 371 1354 414 depressae
1383 371 1459 405 Biv.
1486 382 1565 415 quae
1592 371 1738 406 differre
1758 371 1902 406 videtur

342 419 542 454 rhizomate
569 428 690 453 crasso
719 417 940 461 sublignoso,
967 417 1063 452 foliis
1091 417 1234 461 longius
1262 418 1447 461 petiolatis
1480 419 1725 462 acutiusculis,
1750 417 1900 453 floribus

343 464 806 509 fasciculato-corymbosis‚
822 464 956 507 petalis
969 464 1231 508 appendicibus
1247 464 1427 499 subulatis
1447 466 1642 508 instructis,
1661 465 1745 499 dum
1759 467 1795 500 in
1810 464 1901 500 flore

343 515 528 556 (caeterum
549 513 667 556 unico)
689 522 711 546 a
731 522 787 546 me
806 511 999 545 observato
1019 511 1158 545 nullum
1179 522 1323 546 coronae
1341 512 1533 556 vestigium
1553 512 1636 546 vidi.

346 658 442 706 post
465 654 518 693 S.
544 654 788 694 Graecam
807 653 943 693 insere
965 664 975 693 :

387 742 439 781 S.
461 739 686 780 AEnebia
707 737 872 788 (Heldr.
897 737 1051 779 Sertul.
1079 742 1126 779 14
1145 739 1187 779 in
1207 738 1297 779 Atti
1318 738 1473 792 Congr.
1503 738 1588 780 Fir.
1619 740 1737 789 1874)
1762 751 1903 780 annua

329 793 492 834 inferne
512 791 796 845 glabriuscula
816 803 994 843 superne
1014 790 1438 843 pubescenti-viscida
1456 792 1615 844 pumila
1633 804 1659 832 a
1682 791 1785 832 collo
1813 791 1903 843 plu-

334 846 516 893 ricaulis,
559 844 747 885 caulibus
809 843 1151 885 rocumbentibus
1182 844 1247 885 vel
1279 844 1603 886 ascendentibus
1640 843 1902 892 dichotomis,

330 899 436 940 foliis
462 897 727 939 inferioribus
754 908 776 937 0
809 896 1205 949 longo-spathulatis
1231 897 1458 938 uninerviis
1485 897 1660 945 obtusis,
1688 896 1902 938 floralibus

329 956 509 1003 anguste
528 949 885 1000 lineari-oblongis
907 950 1098 1001 margine
1117 950 1325 1001 crispatis,
1348 949 1560 1002 pedicellis
1581 949 1722 1002 calyce
1742 949 1902 990 brevio-

330 1005 444 1046 ribus
469 1002 695 1045 fructiferis
721 1002 905 1049 deflexis,
928 1002 1078 1054 calycis
1107 1002 1228 1043 valde
1257 1002 1624 1053 glanduloso-hirti
1652 1001 1903 1054 cylindracei

331 1057 502 1099 tandem
519 1056 680 1097 ovoidei
699 1055 842 1096 viridis
864 1054 1058 1095 dentibus
1078 1055 1273 1096 brevibus
1293 1056 1426 1096 ovatis
1447 1059 1626 1107 anguste
1641 1054 1904 1096 membrana-

329 1111 412 1152 ceis
444 1110 619 1157 obtusiS,
654 1108 890 1160 petalorum
927 1108 1081 1149 lamina
1116 1110 1238 1149 rosea
1275 1120 1299 1148 a
1335 1108 1427 1150 basi
1464 1109 1687 1149 attenuata
1717 1107 1906 1159 oblonga

328 1164 481 1204 obtusa
500 1163 640 1214 calyce
661 1160 832 1202 dimidio
859 1160 1050 1201 breviore
1079 1160 1380 1213 appendicibus
1405 1161 1710 1209 minutissimis,
1733 1160 1904 1212 capsula

329 1215 708 1267 ovoideo-globosa,
731 1213 959 1255 seminibus
980 1225 1124 1265 grosse
1143 1213 1422 1255 tuberculatis
1443 1216 1506 1263 Θ.

388 1288 481 1322 Hab.
500 1288 536 1321 in
556 1288 703 1331 regione
723 1285 883 1320 abietina
904 1286 1036 1319 montis
1063 1286 1179 1320 AEnos
1207 1286 1441 1329 Cephaloniae
1471 1287 1686 1320 3500-5500'
1717 1285 1902 1330 (Heldr.l).

389 1353 520 1388 Caules
536 1351 821 1394 3-4-pollicares,
840 1350 946 1395 calyx
965 1349 1104 1384 florifer
1124 1352 1144 1383 3
1165 1350 1280 1384 lineas
1297 1350 1437 1394 longus.
1458 1349 1593 1385 Differt
1613 1360 1634 1384 a
1651 1349 1689 1384 S.
1715 1348 1904 1386 Calabrica

343 1407 378 1435 et
407 1400 442 1435 S.
472 1397 700 1443 ΑῚὶΙεεοςμῖαηιὶ
737 1397 873 1431 lamina
904 1397 1063 1440 oblonga
1098 1399 1291 1432 attenuata
1324 1398 1474 1440 minuta,
1502 1407 1524 1431 a
1550 1396 1585 1432 S.
1612 1396 1840 1441 Mesogitami
1869 1402 1904 1431 et

342 1448 376 1483 S.
400 1446 527 1482 Graeca
547 1445 698 1489 capsula
719 1444 862 1479 deflexa
882 1450 918 1478 et
938 1454 960 1478 a
978 1444 1096 1478 tribus
1115 1443 1287 1488 glabritie
1303 1445 1419 1488 partis
1438 1443 1622 1479 inferioris
1637 1443 1787 1488 plantae,
1807 1443 1904 1478 foliis

342 1493 590 1539 superioribus
610 1491 985 1536 crispato-undulatis.

348 1638 818 1689 Ankyropetalum
839 1636 1297 1688 qypsophiloides,
1320 1634 1428 1676 adde
1451 1648 1458 1675 :

388 1727 483 1762 Hab.
503 1727 540 1761 in
560 1726 693 1769 apricis
712 1724 885 1758 montium
910 1725 1095 1757 Avroman
1122 1728 1159 1757 et
1183 1723 1330 1759 Schahu
1358 1722 1606 1758 Kurdistaniae
1633 1724 1775 1757 3-6000'
1805 1727 1842 1756 et
1869 1722 1905 1757 in

342 1775 496 1820 planitie
515 1773 708 1807 Molamior
723 1770 955 1816 Elymaitidis
976 1771 1191 1815 (Haussk.!).

389 1840 522 1874 Forma
542 1838 683 1872 laciniae
703 1836 909 1880 petalorum
928 1835 964 1869 in
980 1835 1050 1869 hac
1070 1835 1191 1878 specie
1214 1835 1357 1869 variare
1381 1839 1418 1869 et
1442 1833 1490 1869 ad
1509 1844 1589 1869 eam
1612 1835 1658 1869 A.
1685 1833 1907 1879 Coezesyriaci

343 1892 513 1922 caeterum
535 1885 659 1929 calyce
678 1884 843 1927 longiore
862 1882 1023 1917 distincti
1044 1881 1225 1917 interdum
1248 1881 1424 1916 accedere
1443 1881 1598 1917 videtur.

351 2029 681 2082 Gypsophila
702 2028 1010 2076 aretioideS,
1032 2026 1140 2068 adde
1163 2040 1171 2067 :

382 2122 420 2174 β.
454 2117 700 2161 Caucasiea.
720 2140 772 2145 —
797 2115 939 2156 Flores
960 2127 1042 2156 non
1061 2115 1238 2156 solitarii
1258 2127 1281 2156 e
1300 2115 1470 2168 caespite
1487 2115 1556 2156 vix
1578 2114 1745 2163 exserti,
1768 2113 1843 2156 sed
1861 2114 1904 2155 in

331 2172 517 2225 cymulas
541 2170 754 2212 3-4-floras
781 2168 994 2209 cauliculis
1021 2168 1235 2209 interdum
1288 2167 1526 2209 olh'caribus
1555 2167 1719 2208 minute
1750 2165 1905 2208 foliosis

329 2224 523 2267 suffultas
557 2223 762 2275 dispositi.
796 2221 976 2263 Videtur
1001 2222 1183 2262 varietas
1212 2233 1235 2262 e
1282 2232 1355 2262 oco
1387 2220 1524 2262 minus
1557 2220 1667 2261 elato
1700 2222 1809 2261 orta.
1849 2218 1901 2260 G.

332 2278 554 2320 imbricata
572 2277 704 2328 Rupr.
727 2274 790 2316 Fl.
814 2275 943 2317 Cauc.
965 2287 1006 2327 p.
1032 2278 1121 2316 177.

387 2349 482 2384 Hab.
502 2350 538 2383 in
558 2349 701 2392 rupium
722 2347 969 2382 calcarearum
990 2345 1128 2381 fissuris
1143 2345 1312 2390 pulvinos
1329 2345 1559 2380 densissimos
1579 2344 1740 2379 formans
1760 2344 1796 2378 in
1814 2344 1904 2379 Cau-

343 2399 416 2433 casi
437 2396 610 2432 centralis
630 2395 767 2430 ditione
787 2394 931 2429 Ossetia
950 2393 997 2427 ad
1016 2392 1101 2427 fluv.
1125 2393 1252 2428 Ardon
1272 2393 1484 2427 2400-2700‘
1502 2391 1673 2435 (Rupr.!).

346 2546 442 2594 post
465 2542 519 2582 G.
542 2540 930 2592 serpylloidem
949 2539 1086 2580 insere
1108 2551 1116 2578 ε

386 2631 440 2670 G.
482 2627 893 2673 herniarioideS.
928 2626 1156 2668 caudiculis
1189 2625 1386 2667 tenuibus
1419 2624 1642 2677 prostratis
1680 2623 1904 2665 denudatis

330 2694 467 2724 ramos
495 2685 656 2723 erectos
687 2680 835 2721 breves
868 2683 1016 2720 tenues
1047 2678 1280 2720 ramulosos
1312 2677 1459 2719 crebre
1490 2676 1656 2718 foliosos
1686 2676 1904 2728 pruinosos

328 2735 564 2782 edentibus,
582 2733 689 2774 foliis
703 2733 885 2774 minimis
901 2730 1355 2784 oblongo-spathulatis
1371 2730 1533 2772 obtusis
1547 2728 1775 2771 carnosulis
1794 2741 1904 2769 mar-

330 2789 426 2839 gine
446 2786 642 2829 ciliatulis
667 2786 721 2826 ad
746 2785 893 2826 axillas
920 2783 1221 2832 fasciculiferis,
1249 2783 1422 2825 floribus
1446 2786 1516 2824 4-6
1545 2781 1839 2823 subsessilibus
1861 2781 1904 2822 in

329 2841 560 2893 capitulum
604 2838 826 2880 terminale
856 2837 1092 2890 pedunculo
1124 2849 1171 2878 eo
1207 2836 1400 2878 breviore
1435 2834 1654 2877 suffultum
1694 2834 1902 2886 congestis

328 2894 510 2935 bracteis
529 2892 748 2934 herbaceis
768 2890 1124 2942 lineari-oblongis
1150 2889 1341 2941 margine
1366 2892 1547 2941 anguste
1572 2886 1902 2929 membranaceis

327 2952 371 2988 et
390 2946 586 2987 ciliatulis
606 2943 933 2986 concaviusculis
951 2943 1042 2985 basi
1062 2942 1264 2995 oppositis
1290 2946 1333 2983 et
1358 2941 1541 2983 crenatis
1570 2940 1712 2993 calyce
1730 2939 1904 2981 subbre-

327 2999 510 3041 vioribus
545 2998 712 3046 cinctis,
742 2997 882 3049 calyce
917 2994 1430 3047 obconico-campanulato
1467 2993 1673 3035 herbaceo
1716 2995 1902 3034 ecostato
