2094 3351
208 227 277 264 356
936 237 1168 262 mmmm-333.
1727 231 1881 275 Atropa.

206 310 228 337 Ρ
269 332 275 337 .

207 318 299 411 2ξ1,
333 364 538 413 Atropa
562 362 908 409 Belladonna,
933 360 1041 401 adde
1060 373 1150 413 syn.
1175 374 1182 401 :
1208 361 1260 401 A.
1286 361 1489 402 Cute-scens
1509 361 1726 414 Jacquem.

373 451 465 486 Hab.
487 451 523 484 in
541 450 647 484 fauce
668 449 842 485 Shendtoi
858 449 1005 484 ditionis
1021 449 1156 483 Kuram
1173 449 1378 493 Affghaniae
1393 451 1496 484 8000'
1512 452 1708 485 communis
1725 451 1887 494 (Aitolr).

372 514 439 548 Ar.
463 513 622 557 Googr.‚
642 514 735 549 adde
757 528 763 548 ε
785 514 899 558 Regio
920 515 1125 548 Himalaica
1147 513 1395 548 occidentalis.

205 651 297 696 295,
331 649 716 698 Hyoscyamus
737 647 1076 693 reticulatus,
1101 645 1209 686 adde
1233 659 1241 686 :

328 737 520 827 (Affagyn
541 737 747 771 Palaestinae
767 737 913 780 regione
932 735 1186 769 Philistrorum
1205 735 1361 779 (Bai-bey
1375 735 1408 778 !),
1427 734 1473 768 ad
1493 735 1669 769 Drekalla
1684 735 1889 779 Affghaniae

377 797 388 819 1
409 796 426 819 c
458 812 463 818 .
485 812 490 818 .

319 1027 527 1067 ono«)
581 1024 966 1065 Lxxxvlll.
1019 1021 1777 1063 SOEROPHULARIACEAE

203 1229 294 1273 459,
326 1225 594 1265 veronica
625 1224 863 1263 conferta
894 1234 918 1261 a
938 1221 989 1261 cl.
1014 1221 1289 1261 Trautvetter
1310 1219 1421 1271 (Act.
1446 1219 1569 1259 Hort.
1598 1219 1767 1270 Petrop.
1791 1217 1885 1266 VII,

343 1311 350 1318 .
379 1278 474 1321 494)
502 1276 646 1317 eadem
675 1276 829 1316 (licitur
857 1286 905 1314 ac
943 1274 989 1314 V.
1024 1272 1249 1325 ‹ceheifolia
1282 1285 1369 1313 var.
1403 1272 1602 1327 ylabrata
1637 1271 1810 1312 Trautv.
1846 1272 1886 1311 in

347 1331 419 1371 ull.
444 1330 536 1371 Soc.
560 1329 659 1370 Nat.
684 1328 813 1369 Mose.
840 1330 954 1375 1866,
978 1327 1051 1375 IV,
1075 1339 1115 1379 p.
1139 1330 1231 1367 439.

369 1403 462 1437 Hah.
486 1403 520 1435 in
541 1407 663 1435 monte
692 1400 859 1434 Sawalan
880 1399 1012 1433 Persiae
1034 1398 1177 1441 (Hadde
1207 1409 1250 1432 ex
1277 1398 1438 1440 Trautv.,
1467 1397 1665 1441 specimina
1695 1396 1740 1430 ad
1770 1396 1887 1430 detor-

322 1451 554 1484 minationem
576 1454 691 1482 tutam
714 1448 816 1481 nimis
833 1446 1038 1490 juvenilia).

202 1585 295 1631 462,
326 1583 387 1621 V.
408 1580 758 1633 qrandissora‚
790 1578 899 1618 adde
923 1591 930 1618 :

366 1670 460 1704 Hab.
479 1669 525 1704 ad
543 1669 659 1703 Yildis
687 1674 721 1702 et
749 1668 923 1702 Omarkoi
946 1666 1099 1701 Troadis
1128 1666 1241 1710 (Calv.
1271 1676 1315 1699 ex
1343 1665 1513 1699 Aschers.
1537 1677 1544 1698 :
1571 1664 1686 1699 Beitr.
1713 1675 1742 1698 z.
1767 1663 1822 1698 Fl.
1854 1662 1886 1698 d.

320 1717 527 1752 nordwestl.
550 1717 711 1750 Kleinas.
730 1716 765 1749 in
789 1714 917 1749 Jahrb.
940 1714 1021 1748 Bot.
1038 1714 1140 1749 Gart.
1161 1713 1285 1748 Berlin
1308 1713 1352 1756 II,
1374 1724 1408 1756 p.
1429 1713 1525 1756 359),
1548 1712 1746 1756 specimina
1768 1721 1789 1745 a
1810 1710 1887 1745 des-

320 1766 498 1809 criptione
519 1762 784 1808 quodammodo
801 1762 1059 1806 discrepantia.

201 1899 294 1943 484,
325 1899 421 1946 post
443 1893 823 1933 Pedicularem
847 1890 1196 1931 Caucasicam
1218 1888 1440 1929 inserenda
1461 1891 1572 1929 esset
1595 1900 1603 1927 :

363 1984 421 2022 P.
447 1981 756 2032 Bourqeaui
778 1979 968 2031 (Maxim.
998 1979 1039 2018 in
1066 1977 1165 2018 Mel.
1195 1977 1357 2029 Biolog.
1382 1976 1454 2024 XI,
1483 1989 1524 2028 p.
1555 1978 1632 2017 290
1657 1979 1700 2016 et
1720 1974 1815 2025 291)
1840 1993 1885 2007 --

310 2036 360 2077 Ρ.
390 2034 620 2077 Cameaszea
644 2033 776 2073 Boiss.
802 2032 873 2074 Or.
897 2032 969 2080 IV,
992 2035 1084 2079 483,
1106 2030 1243 2082 quoad
1263 2030 1319 2082 pl.
1343 2030 1666 2081 Bourgaeanam.

368 2106 462 2140 Hal).
487 2105 660 2139 Armenia
685 2104 721 2137 in
747 2103 976 2146 rupestribus
994 2113 1047 2145 pr.
1070 2101 1388 2136 Gumusch-chane
1408 2100 1556 2144 (Bourg.
1576 2110 1606 2133 a.
1632 2101 1732 2142 1862,
1754 2109 1787 2133 n.
1810 2100 1887 2142 181,

322 2154 387 2189 sub
409 2165 501 2187 nom.
523 2153 564 2186 P.
589 2150 820 2187 Caucasicoe?
836 2150 940 2193 van).

202 2291 294 2336 484,
328 2288 387 2326 P.
414 2284 741 2337 pycnanthae
770 2282 1091 2334 descriptionem
1115 2280 1364 2332 completam
1387 2278 1738 2330 emendatamque
1757 2277 1888 2319 habet

311 2340 362 2381 cl.
386 2337 669 2380 Maximowicz
690 2337 716 2376 l.
741 2347 775 2376 c.
798 2348 840 2387 p.
864 2338 955 2376 291.

201 2481 294 2525 485,
328 2478 386 2518 P.
413 2476 646 2516 Cadmea
669 2477 706 2528 β.
732 2471 959 2525 Imzyfflora
982 2470 1153 2512 secund.
1178 2471 1228 2511 cl.
1253 2470 1425 2511 Maxim.
1450 2470 1475 2510 l.
1500 2481 1535 2510 c.
1562 2482 1602 2522 p.
1623 2472 1698 2510 293
1720 2480 1801 2509 non
1822 2473 1886 2509 est

308 2543 413 2577 var„
434 2528 507 2569 sed
528 2532 666 2568 status
688 2526 850 2567 corollae
879 2524 1093 2565 deflorata}
1126 2536 1150 2564 a
1178 2524 1269 2564 basi
1300 2524 1447 2564 solutae
1474 2523 1698 2574 ovarioque
1726 2533 1885 2563 accres-

309 2588 431 2624 cente
449 2585 648 2633 protusae.

413 2825 621 2866 ORDO
668 2824 988 2864 LXXXIX.
1040 2820 1674 2862 OROBANCHACEAE

199 3003 292 3043 495,
324 3004 417 3051 post
441 2997 774 3048 Phelipaeam
801 2996 1094 3036 caeruleam
1114 2993 1336 3034 inserenda
1357 2996 1466 3033 esset
1490 3005 1497 3032 :
