2115 3250
205 245 388 280 Lonicera.
896 256 1202 279 (IAPRIFOLIACEE.
1808 245 1877 280 ‘277

197 327 239 353 Pa
265 348 271 354 .

242 336 260 361 g
368 380 459 415 Hah.
481 381 516 414 in
534 386 655 414 monte
675 380 840 413 Sikaram
863 379 968 413 vallis
992 379 1129 413 Kuram
1150 379 1354 422 Affghaniae
1377 381 1562 413 10-12000‘
1584 380 1716 423 (Aitch.
1742 383 1875 419 1222!›.

368 444 504 477 Frutex
527 442 755 485 5-G-pedalis‚
783 442 870 475 folia
902 443 951 476 eis
981 442 1023 475 L.
1053 442 1297 485 microphylloe
1328 441 1538 484 submajora
1576 441 1875 486 ‘fri-pollicaria.

322 492 352 524 A
373 490 415 524 L.
435 490 668 534 microphyllci
697 489 902 531 bracteolis,
933 489 1071 523 corolla
1099 500 1170 522 non
1196 488 1384 532 bilabiata,
1414 499 1434 522 a
1462 489 1506 522 L.
1533 491 1692 534 myrtillo
1725 493 1767 524 ea
1798 491 1877 525 basi

324 548 393 570 non
414 537 546 580 aequali
565 536 787 580 discrepans.

368 599 434 633 Ar.
457 598 598 641 Googr.
620 599 812 643 Himalaya
831 604 1037 642 temperata
1057 609 1078 633 a
1100 598 1325 633 Cachemiria
1346 597 1393 632 ad
1412 598 1617 642 Nepaliam.

251 733 294 777 8,
326 734 419 781 post
441 731 495 770 L.
519 730 839 781 Alpiqenam
860 730 996 770 insere
1019 742 1027 770 :

363 819 417 858 L.
451 819 756 858 Webloiana
789 817 931 867 (Wall.
965 817 1005 858 in
1041 830 1108 858 Dc.
1150 817 1297 858 Prodr.
1339 817 1410 866 IV,
1447 830 1488 870 p.
1527 819 1621 869 336)
1658 817 1874 867 fruticosa,

310 870 415 911 foliis
435 871 675 923 majusculis
696 871 881 911 breviter
898 870 1109 922 petiolatis
1131 870 1323 922 ellipticis
1345 871 1594 911 acuminatis
1614 871 1763 912 subtus
1783 871 1876 923 plus

309 924 443 964 minus
476 924 815 976 pubescentibus,
844 923 1089 975 pedunculis
1119 922 1215 963 folio
1248 924 1372 975 triplo
1405 923 1664 964 brevioribus
1697 936 1878 975 superne

308 976 642 1024 stibium-assatis,
682 976 864 1016 bracteis
903 976 1397 1024 lanceolato-linearibus,
1437 976 1662 1017 bracteolis
1705 978 1878 1018 minutis

309 1029 462 1077 liberis,
499 1029 649 1081 calycis
683 1029 784 1069 tubo
821 1029 1077 1081 pubescente
1103 1029 1230 1069 limbo
1265 1028 1395 1077 brevi,
1425 1029 1588 1070 corollae
1618 1029 1878 1081 glandulosae

309 1082 410 1122 tubo
429 1082 545 1122 brevi
566 1082 706 1133 gibbo,
740 1081 867 1122 limbo
895 1081 1112 1129 bilabiato‚
1147 1081 1286 1122 baccis
1311 1081 1452 1122 liberis
1486 1096 1537 1133 5.
1560 1082 1614 1123 L.
1644 1096 1711 1123 oxi
1729 1082 1880 1135 phyllon

309 1134 479 1186 Erigew.
503 1135 653 1175 Trans.
682 1134 803 1174 Linn.
837 1133 928 1175 Soc.
964 1134 1056 1183 XX,
1084 1147 1125 1186 p.
1161 1137 1225 1175 60.
1247 1157 1298 1162 —
1324 1134 1378 1176 L.
1412 1134 1627 1187 Alpz'qena
1658 1096 1811 1176 Clarke
1837 1136 1879 1176 in

310 1187 446 1228 Hook.
469 1187 532 1228 Fl.
555 1188 661 1228 Brit.
683 1187 775 1228 Ind.
799 1187 874 1235 ΙΙΙ,
896 1199 937 1239 p.
964 1190 1027 1228 15.

369 1259 462 1293 Hah.
484 1261 518 1293 in
537 1259 733 1294 ditionibus
752 1259 895 1293 Kaiwas
916 1264 951 1293 et
969 1258 1143 1293 Shendtoi
1161 1258 1366 1303 Affghaniae
1387 1259 1521 1301 (Aitch.
1541 1260 1625 1293 731!
1645 1261 1713 1293 466
1727 1259 1761 1303 !).

367 1324 455 1358 Haec
481 1325 618 1367 species
646 1335 666 1358 a
695 1324 739 1358 cl.
767 1324 899 1359 Clarke
925 1324 1004 1357 loco
1031 1325 1142 1357 citato
1161 1335 1239 1357 cum
1262 1323 1304 1357 L.
1326 1323 1511 1368 Alpiqemi
1532 1324 1775 1368 conjungitur,
1797 1334 1877 1367 quae

323 1377 442 1405 autem
464 1371 583 1406 differt
605 1371 818 1415 pedunculis
846 1371 1080 1414 longioribus,
1105 1371 1226 1405 baccis
1253 1371 1287 1404 in
1309 1382 1416 1405 unam
1438 1372 1614 1405 concretis
1635 1376 1670 1405 et
1695 1377 1878 1414 praeterea

322 1419 429 1462 hujus
448 1430 533 1453 area
554 1419 798 1463 geographica
827 1419 924 1452 ultra
945 1419 1126 1462 regionem
1155 1418 1396 1452 Danubialem
1417 1418 1463 1452 ad
1485 1418 1668 1453 Orientem
1694 1428 1764 1452 non
1795 1429 1878 1462 pro-

323 1465 477 1500 ducitur.
497 1466 674 1501 Caeterum
696 1467 892 1510 specimina
912 1471 1053 1500 tantum
1074 1466 1212 1500 sterilia
1235 1465 1319 1499 vidi.

252 1599 295 1645 8,
331 1598 384 1637 L.
420 1596 730 1643 orientalis,
754 1595 892 1637 adde:

369 1685 462 1719 Hab.
483 1685 518 1718 in
539 1684 693 1718 collibus
713 1695 828 1728 prope
850 1684 995 1718 Kaiwas
1018 1684 1123 1718 vallis
1145 1684 1282 1718 Kuram
1304 1683 1508 1728 Affghaniae
1533 1685 1657 1718 12000'
1678 1687 1737 1727 (ex
1756 1684 1878 1718 Aitch.

322 1734 400 1768 Cat.
420 1732 593 1775 indicata)
614 1732 708 1774 (Non
730 1732 830 1769 vidi).

369 1795 600 1878 Andfieogr.
622 1797 677 1831 Ex
699 1797 754 1831 Fl.
775 1797 864 1831 Brit.
886 1796 961 1830 Ind.
984 1807 1096 1840 usque
1118 1796 1165 1830 ad
1189 1796 1383 1840 Nepaliam
1401 1797 1437 1830 in
1460 1796 1652 1841 Himalaya
1675 1798 1880 1840 temperata

324 1852 430 1879 exten
460 1850 545 1878 itur.

250 1980 295 2026 8,
327 1983 422 2029 post
443 1979 497 2017 L.
524 1977 856 2018 orientalem
877 1977 1037 2019 insere:

367 2068 421 2106 L.
437 2078 844 2118 purpurascens
859 2066 1095 2118 (Jacquem.
1111 2066 1213 2119 Voy.
1225 2066 1319 2107 Bot.
1332 2069 1396 2114 79,
1409 2066 1496 2106 tab.
1508 2068 1557 2107 87
1573 2065 1649 2107 sub
1660 2064 1880 2117 kasteo)

311 2118 525 2168 fruticosa,
562 2120 687 2160 ramis
719 2120 1059 2172 pubescentibus,
1093 2118 1199 2160 foliis
1232 2119 1417 2160 breviter
1443 2119 1655 2171 petiolatis
1683 2119 1882 2159 obovato-

311 2172 499 2224 oblongis
521 2172 680 2213 obtusis
700 2184 879 2225 superne
897 2173 1037 2225 pilosis
1066 2173 1131 2214 vel
1157 2172 1517 2224 glabrescentibus
1538 2172 1687 2213 subtus
1708 2171 1878 2219 villosis,

311 2225 555 2276 pedunculis
576 2226 729 2266 villosis
750 2226 898 2277 longis,
921 2225 1104 2267 bracteis
1130 2225 1624 2272 lanceolato-linearibus‚
1655 2224 1881 2265 bracteolis

312 2278 526 2329 quadratis
557 2279 696 2319 liberis
725 2279 789 2319 vel
818 2279 1103 2329 subconnatis,
1132 2279 1283 2330 calycis
1314 2278 1438 2319 limbo
1466 2277 1736 2331 patelliformi
1764 2283 1883 2318 trun-

312 2335 405 2371 cato
426 2331 587 2381 glabro,
611 2332 775 2373 corollae
795 2332 1061 2383 pubescentis
1082 2332 1184 2372 tubo
1203 2331 1295 2372 basi
1322 2331 1443 2372 valde
1475 2331 1601 2383 gibbo
1633 2331 1676 2371 iu
1705 2330 1882 2371 limbum

309 2384 513 2435 {equalem
534 2386 687 2425 sensim
708 2385 922 2436 ampliato,
944 2385 1196 2436 genitalibus
1225 2385 1494 2432 subexsertis,
1526 2384 1665 2424 baccis
1700 2383 1882 2436 globosis

308 2436 616 2530 Δ(ἐξ)ιιίῖιιεὲΙιιιΙῖίῐηιε
644 2441 681 2484 ⁸21
708 2437 760 2479 L.
782 2451 1101 2491 pmpurascens
1122 2438 1257 2479 Hook.
1281 2437 1309 2478 f.
1333 2442 1375 2478 et
1396 2437 1566 2478 Thonis,
1584 2460 1633 2464 —
1649 2435 1703 2478 L.
1726 2436 1886 2478 sericea

352 2501 401 2530 ov
421 2502 443 2530 e
518 2522 526 2530 .
550 2493 640 2531 236.

371 2560 464 2594 Hab.
483 2560 518 2593 in
540 2566 661 2595 monte
681 2560 855 2595 Shendtoi
871 2559 1076 2604 Affghaniae
1100 2562 1224 2594 10000‘
1248 2560 1399 2602 (Aitch.)
1422 2560 1516 2600 (Non
1538 2559 1639 2598 vidi).

374 2624 511 2658 Frutex
526 2624 782 2668 S-lo-pedalis,
804 2624 892 2658 folia
913 2625 1081 2668 pollicem
1102 2625 1223 2668 longa,
1242 2625 1381 2658 corolla
1401 2626 1460 2659 8-9
1478 2625 1538 2658 lin.
1561 2624 1681 2668 longa.

374 2685 440 2720 Ar.
472 2686 613 2730 Geogr.
635 2688 827 2732 Himalaya
849 2687 1042 2731 subalpina
1062 2687 1108 2722 ad
1129 2688 1265 2723 Sikkim
1286 2698 1411 2731 usque.

257 2822 301 2867 9,
333 2823 428 2871 post
449 2820 505 2859 L.
528 2820 820 2860 caeruleam
840 2819 977 2860 insere
1000 2832 1007 2859 :

371 2908 425 2947 L.
441 2906 802 2957 microphylla
817 2906 976 2958 (Willd.
990 2930 1037 2934 —
1052 2907 1186 2947 Roem.
1204 2912 1246 2948 et
1262 2906 1358 2947 Sch.
1379 2905 1491 2958 Syst.
1506 2906 1556 2954 V,
1575 2906 1669 2957 258)
1686 2905 1888 2947 fruticosa

317 2959 598 3000 ramosissima
627 2959 773 3010 glabra
794 2959 855 2999 vel
877 2959 1069 3011 pilosula,
1099 2958 1205 2999 foliis
1233 2960 1370 3010 parvis
1399 2959 1642 3000 brevissime
1673 2958 1888 3010 petiolatis

317 3012 451 3052 ovatis
489 3011 678 3062 oblongis
715 3012 779 3052 vel
817 3011 1287 3063 elliptico-spathulatis
1325 3011 1485 3051 obtusis
1521 3011 1671 3052 subtus
1709 3010 1886 3062 glaucis,
