2094 3351
191 229 261 265 280
929 244 1132 270 nuntiem-3.
1669 237 1860 283 Asperum.

190 311 260 345 Peg.

218 367 283 413 29,
318 366 376 405 A.
420 366 862 415 Haussknechtii,
899 366 1007 407 adde
1039 379 1129 420 syn.
1167 381 1174 408 ε
1214 367 1483 410 Crucianella
1517 369 1700 421 {usionis
1729 369 1869 411 Vatke

299 417 420 458 Linn.
440 417 674 467 XXXVIII,
697 431 738 471 p.
762 423 853 460 714.

223 591 287 636 33,
321 592 417 640 post
437 589 497 629 A.
519 600 832 630 muscosam
853 591 989 631 insere
1011 603 1019 630 z

349 676 408 715 A.
460 676 723 715 Baenitzii
767 676 942 727 (Heldr.
987 677 1028 716 in
1071 676 1220 718 Sched.
1267 677 1396 718 Herb.
1446 678 1506 719 Fl.
1557 679 1720 720 Hellen.
1769 679 1869 730 75!)

297 728 490 780 perennis
512 727 638 769 dense
653 729 872 780 caespitosa
887 729 1059 781 pumila,
1077 730 1304 771 caudiculis
1319 730 1581 772 filiformibus
1596 732 1869 783 procumben-

297 780 409 821 tibus
439 781 663 828 intricatis,
697 781 885 822 caulibus
914 782 1109 823 tenuibus
1131 782 1287 831 glabris
1316 783 1511 824 brevibus
1532 783 1658 825 denso
1679 785 1870 825 imbrica-

297 834 372 874 tim
402 838 444 874 et
470 832 692 874 sexfariam
720 834 890 882 foliosis,
914 834 1020 875 foliis
1050 835 1221 875 minutis
1251 835 1406 887 glabris
1440 837 1870 888 elliptico-lineai·ibus

296 886 457 927 obtusis
477 886 626 927 subtus
645 887 839 928 elevatim
862 888 1049 935 costatis,
1074 887 1175 928 floro
1198 889 1405 929 terminali
1426 890 1612 930 solitario
1626 890 1757 931 sessili
1773 890 1870 930 tolia

299 950 378 979 non
413 938 656 987 excedente,
686 939 850 980 corollae
884 940 1041 990 glabra]
1074 953 1096 981 e
1129 941 1237 981 sicco
1271 941 1513 983 lutescentis
1546 942 1650 983 lobis
1683 943 1870 993 oblongis

297 992 465 1032 muticis
492 992 652 1033 obtusis
680 992 781 1033 tubo
814 993 878 1033 vix
911 993 1185 1041 brevioribus,
1222 994 1409 1035 antlieris
1442 994 1668 1035 linearibus
1702 996 1870 1036 inclusis

298 1045 442 1097 nigris,
467 1045 575 1097 stylo
594 1045 854 1094 brevissimO‚
877 1046 1147 1097 stigmatibus
1175 1046 1356 1098 globosis
1387 1050 1446 1093 91.

357 1122 450 1156 Hab.
483 1123 519 1156 in
546 1121 683 1157 fissuris
709 1124 852 1166 rupium
879 1124 1036 1167 regionis
1065 1123 1234 1158 abietinae
1264 1125 1394 1158 montis
1423 1125 1575 1159 Pateras
1606 1125 1737 1158 Atticm
1764 1127 1870 1159 3500-

308 1171 411 1203 4000‘
434 1169 773 1213 (Bartholomatosl)
795 1171 849 1204 Fl.
871 1170 991 1204 Junio.

357 1239 486 1276 Caules
515 1240 664 1275 foliiferi
696 1244 750 1274 l-l
776 1240 1039 1287 Ἶρι-0011103105,
1066 1241 1155 1275 folia
1182 1244 1242 1275 2-2
1264 1241 1296 1282 ¹l2
1328 1241 1443 1276 lineas
1464 1242 1573 1285 longa
1594 1242 1698 1275 lineae
1722 1241 1759 1277 ⁸(4
1784 1242 1870 1284 lata,

310 1288 448 1321 corolla
482 1288 596 1322 lineas
629 1287 699 1328 l³l⁴
734 1288 853 1331 longa.
876 1288 1005 1322 Affinis
1031 1289 1076 1322 A.
1103 1299 1275 1323 muscosoe
1301 1288 1510 1322 indumento
1537 1288 1755 1332 scabridulo,
1777 1289 1871 1323 foliis

309 1334 534 1379 longioribus
555 1335 683 1378 acutis,
705 1335 852 1369 corollae
874 1335 1039 1369 loborum
1058 1346 1137 1369 cum
1158 1335 1245 1369 tubo
1267 1337 1502 1379 proportione
1523 1335 1712 1370 distinctae.

219 1503 284 1548 34,
316 1500 374 1540 A.
398 1500 559 1548 lutea,
583 1501 618 1541 δ.
650 1499 895 1553 pulvinaris
917 1515 930 1540 .·
952 1512 1001 1540 ex
1021 1500 1232 1541 sententia
1259 1500 1309 1541 cl.
1333 1499 1588 1541 Heldreichii
1608 1500 1677 1552 qui
1706 1500 1872 1551 plantas

297 1553 412 1593 vivas
433 1564 677 1605 comparare
703 1553 841 1605 potuit
860 1552 949 1594 haec
969 1553 1150 1594 varietas
1176 1553 1330 1594 formas
1356 1553 1495 1604 plures
1522 1565 1587 1593 am
1623 1554 1790 1594 lectitur
1818 1552 1870 1593 ab

297 1617 345 1646 eo
372 1609 420 1646 ut
444 1606 603 1657 species
634 1605 854 1646 distinctas
887 1605 1069 1647 habitas.
1105 1605 1224 1646 Prior
1256 1610 1397 1647 autem
1423 1605 1525 1646 mihi
1552 1618 1574 1646 a
1634 1608 1687 1647 A.
1717 1606 1872 1647 luteam

295 1659 481 1711 typicam
502 1659 683 1700 transire
702 1658 869 1699 videtur
888 1663 931 1699 et
950 1659 1009 1699 sic
1030 1658 1268 1700 definienda
1290 1671 1298 1699 :

351 1736 386 1776 δ.
436 1733 643 1787 n'm'folz'a.
684 1759 735 1763 —
778 1735 812 1776 E
851 1735 1082 1776 rhizomate
1128 1736 1353 1788 pluricipiti
1399 1736 1638 1787 caespitosa,
1685 1734 1872 1776 caulibus

297 1749 464 1841 pumifis
487 1787 615 1829 dense
634 1788 803 1837 foliosis,
825 1787 931 1829 foliis
952 1788 1109 1839 glabris
1130 1789 1194 1829 vel
1214 1788 1336 1828 hirtis
1356 1789 1505 1830 erectis
1522 1788 1730 1840 adpressis
1751 1788 1873 1839 longe

299 1841 495 1889 acerosis,
532 1840 704 1882 floribus
737 1842 880 1893 paucis
919 1842 960 1882 in
1002 1845 1065 1882 1-2
1105 1841 1324 1882 fasciculos
1362 1842 1605 1882 terminales
1643 1853 1667 1881 a
1705 1841 1872 1892 caespite

298 1906 448 1946 parum
469 1899 651 1942 remotos
669 1895 733 1935 vel
754 1895 965 1947 caespitem
989 1906 1071 1935 non
1094 1898 1342 1947 superantes
1364 1894 1588 1946 dispositis.
1609 1917 1662 1922 —
1682 1894 1736 1934 A.
1760 1893 1872 1947 pim'-

286 1945 405 2000 folia
424 1946 571 1988 Heldr.
594 1948 635 1988 in
657 1946 808 1988 Sched.

359 2023 452 2059 Hab.
474 2025 509 2059 in
529 2024 709 2059 Parnasso
731 2024 777 2059 ad
793 2035 964 2059 cacumen
986 2024 1128 2065 (Heldr.
1140 2024 1172 2067 !),
1190 2024 1236 2058 ad
1253 2024 1531 2058 Mavralitharia
1549 2030 1582 2058 et
1597 2023 1871 2058 Kedrozasteno

314 2071 489 2116 (Orph.!)‚
509 2079 630 2106 monte
650 2072 802 2106 Veluchi
823 2072 974 2106 AEtoliae
996 2074 1209 2106 5500-7000'
1230 2072 1421 2115 (Spruness
1441 2071 1611 2115 Heldr.!).

358 2143 458 2177 Inter
478 2143 571 2177 hanc
591 2144 806 2178 varietatem
828 2149 863 2178 et
883 2148 1008 2188 typum
1032 2143 1067 2176 in
1086 2143 1266 2177 Parnasso
1287 2142 1431 2186 copiose
1455 2142 1597 2176 obvium
1618 2141 1743 2176 formae
1764 2142 1872 2176 inter-

311 2190 438 2225 mediae
456 2190 599 2225 adsunt.

354 2269 474 2311 Adde
494 2282 582 2310 var.
605 2269 845 2311 ulteriorem
869 2283 877 2310 :

352 2373 385 2398 ε.
423 2357 571 2398 OEtoea.
592 2380 644 2386 -
669 2357 785 2398 Folia
817 2358 1022 2398 crassiora
1053 2357 1187 2408 magis
1218 2357 1409 2409 patentia
1439 2355 1705 2408 bracteaeque
1736 2356 1871 2396 minus

300 2409 426 2462 longe
446 2411 650 2452 aristatae.
671 2433 724 2438 —-
744 2412 797 2451 A.
826 2410 957 2451 OEtaea
980 2409 1127 2451 Heldr.
1151 2421 1235 2451 exs.
1263 2412 1377 2451 1879.

362 2486 456 2521 Hab.
478 2488 513 2521 in
530 2487 620 2532 jugo
640 2487 825 2532 Mylolithi
844 2488 976 2522 montis
997 2487 1092 2522 OEtae
1113 2486 1333 2521 Phthiotidis
1353 2488 1565 2521 5500-6300‘
1588 2485 1771 2529 (Heldr.!).

361 2557 417 2591 Ex
439 2557 483 2591 cl.
502 2557 699 2592 Heldreich
721 2559 858 2602 species
879 2558 1041 2602 propria,
1062 2557 1124 2592 sed
1145 2563 1240 2592 notae
1260 2557 1520 2591 differentiales
1537 2557 1721 2601 graviores
1743 2555 1871 2590 desunt

315 2609 351 2639 et
372 2605 568 2648 specimina
589 2615 609 2638 a
629 2605 673 2639 cl.
692 2605 889 2640 Heldreich
911 2606 946 2639 in
967 2606 1153 2639 cacumine
1173 2606 1335 2640 Crevano
1356 2604 1518 2648 ejusdem
1533 2604 1614 2648 jugi
1634 2603 1728 2637 OEtae
1742 2603 1871 2637 transi-

313 2656 389 2686 tum
411 2651 672 2687 demonstrant.

221 2820 287 2866 35,
318 2818 377 2858 A.
401 2817 611 2866 stricta,
634 2816 743 2858 adde
766 2829 774 2857 z

354 2922 386 2946 ε.
419 2917 652 2947 canescens.
678 2928 727 2933 —
749 2904 857 2945 Tota
876 2908 925 2945 ut
944 2909 986 2945 et
1004 2903 1168 2945 corollae
1188 2903 1644 2945 canescenti-velutina.

362 2975 458 3011 Hab.
477 2976 512 3010 in
533 2975 731 3011 declivibus
752 2976 883 3010 montis
904 2975 1064 3020 Alidagh
1086 2975 1205 3019 Lyciae
1227 2975 1356 3019 (Pichl.
1377 2976 1518 3013 305al).
