2115 3250
203 192 319 227 Evam.
923 202 1141 226 coMPOSiTAE.
1798 189 1865 226 295

204 271 274 305 Peg.

199 326 290 373 243,
324 325 476 364 Evax
497 327 791 371 contracta,
814 322 922 363 adde
945 335 952 362 :

362 413 454 446 Hab.
481 414 517 447 in
540 412 681 446 olivetis
713 411 839 446 insulae
870 410 1078 454 Karpathos
1109 410 1313 454 (Pichlerl),
1341 411 1435 445 inter
1464 415 1604 454 segetes
1630 411 1677 445 ad
1706 411 1866 445 Mariout

317 470 432 504 prope
451 459 712 494 Alexandriam
732 459 886 502 AEgypti
908 458 1091 491 (Letourn.
1117 458 1181 491 196
1194 458 1228 499 !).

198 574 289 620 248,
323 572 491 622 Ifloqa
512 571 735 621 spicata,
759 569 867 610 adde
890 581 898 609 :

354 661 390 712 β.
424 657 690 699 condensata..
716 680 767 685 —
787 655 931 704 Exilis,
954 656 1078 707 spicae
1100 655 1393 707 oligocephalae
1422 659 1648 696 contractae
1677 655 1867 707 capituli-

299 710 466 751 formes.
487 733 539 738 —
561 709 851 762 Gnaphalz'um
870 707 1077 761 Rz'ippelii
1097 707 1213 748 Fres.
1238 707 1472 749 Senckenb.

358 781 451 816 Hab.
477 782 513 815 in
538 786 659 814 monte
690 781 786 816 Sinai
816 779 984 823 (Schimp.
1014 780 1124 823 4081),
1153 779 1199 813 ad
1230 778 1346 813 Ouadi
1376 779 1443 813 Tin
1474 778 1608 813 deserti
1628 779 1866 824 AEgyptiaco-

314 828 461 862 Arabici
483 827 687 863 ‹Schweinf.
709 838 782 862 exs.
804 827 891 870 591).

195 943 286 992 256,
320 940 560 981 Achillea
583 943 816 988 setacea,
836 939 944 980 adde
966 952 974 980 :

351 1029 388 1080 β.
411 1024 610 1078 filifolia.
644 1050 694 1054 ——
727 1026 938 1067 Foliorum
970 1026 1129 1067 laciniae
1167 1026 1439 1074 tenuissimae,
1479 1026 1738 1067 caulinorum
1776 1037 1868 1078 seg-

296 1084 439 1120 menta
458 1080 656 1131 pauciora
675 1079 846 1120 laxiora.
868 1102 919 1107 —
939 1079 992 1120 A.
1012 1078 1178 1131 ftliloba
1196 1078 1334 1131 Freyn
1354 1078 1477 1119 Flora
1500 1081 1615 1127 1881,
1637 1092 1678 1131 p.
1702 1082 1794 1120 210.

310 1150 511 1241 3οἓοαὶἰῄίῖ
516 1151 674 1241 d1·eg'{one
695 1151 854 1185 abietina
874 1150 1046 1186 inferiore
1065 1151 1196 1185 montis
1217 1150 1342 1184 Korax
1362 1150 1512 1184 AEtoliae
1533 1161 1647 1194 prope
1672 1151 1865 1185 Musinitza

405 1201 413 1211 ’
479 1209 497 1232 e
541 1209 589 1232 r..
611 1225 617 1232 .

355 1262 444 1296 Mihi
465 1262 622 1296 varietas
642 1266 783 1295 tantum
801 1262 848 1296 A.
869 1266 1013 1296 setaceae
1034 1272 1052 1296 e
1072 1261 1150 1295 loco
1171 1260 1340 1295 umbroso
1360 1261 1514 1296 videtur.

193 1373 285 1420 264,
315 1371 373 1411 A.
406 1370 832 1411 Haussknechtii
857 1382 866 1410 :
895 1370 1016 1411 adest
1043 1370 1177 1411 altera
1201 1369 1398 1411 Achillea
1418 1370 1495 1411 sub
1525 1370 1671 1411 eodem
1699 1371 1867 1411 nomine

296 1423 506 1476 descripta
523 1423 576 1464 A.
600 1422 1005 1465 Hausskneclztiana
1023 1423 1217 1464 Aschers.
1239 1423 1389 1464 Achill.
1411 1435 1451 1475 p.
1476 1426 1567 1472 243,
1587 1423 1662 1464 sed
1685 1423 1775 1465 haec
1802 1427 1865 1464 est

296 1476 429 1517 forma
448 1476 626 1528 hybrida
646 1477 756 1517 inter
774 1476 828 1517 A.
851 1475 1118 1518 herbarotam
1138 1479 1180 1516 et
1200 1476 1253 1516 A.
1275 1475 1546 1526 moschatam,
1563 1477 1616 1517 A.
1641 1475 1866 1517 lzerbarota

293 1534 345 1575 ><
363 1529 574 1571 moschata
596 1529 865 1570 nominanda.

189 1649 280 1694 266,
312 1647 370 1686 Α.
397 1646 696 1694 Santolina,
719 1645 827 1687 adde
850 1659 859 1686 2

352 1732 445 1768 Hah.
461 1733 498 1768 in
518 1733 653 1768 ditione
673 1733 810 1768 Kuram
832 1732 1037 1777 Affghaniae
1059 1733 1193 1777 (Aitch.
1215 1734 1276 1768 60!
1297 1733 1363 1768 sub
1384 1734 1429 1768 A.
1448 1733 1692 1779 leptophyllci).

188 1850 280 1897 267,
312 1848 372 1888 Α.
395 1848 609 1896 falcata,
631 1847 740 1889 adde
764 1860 772 1888 :

350 1936 445 1972 Hab.
465 1936 511 1971 ad
532 1936 768 1980 Kopanskale
788 1947 903 1982 prope
922 1937 1002 1972 Van
1023 1938 1204 1972 Armeniae
1226 1938 1413 1983 (Deyrolle
1426 1938 1459 1982 !).

188 2052 280 2099 274,
311 2050 370 2091 A.
400 2050 753 2102 cartilaginea
774 2054 817 2091 et

186 2137 276 2182 275,
307 2135 365 2176 A.
389 2135 722 2186 qrandiilora
742 2148 767 2176 a
786 2135 837 2177 cl.
861 2135 1048 2177 Heimerl
1068 2136 1182 2178 Mon.
1213 2136 1373 2178 Ptarm.
1402 2149 1443 2190 p.
1467 2140 1516 2178 62
1544 2137 1598 2178 ad
1623 2137 1864 2190 subspecies

290 2187 344 2228 A.
368 2187 598 2229 Ptarmz'cae
616 2187 890 2230 reducuntur.

187 2319 279 2365 276,
311 2320 407 2368 post
426 2318 483 2356 A.
508 2318 905 2368 ageratifoliam
925 2318 1062 2360 insere
1083 2331 1091 2359 :

344 2402 402 2441 A.
428 2402 677 2442 Clavenae
698 2401 764 2454 (L.
789 2401 860 2455 Sp.
887 2403 1006 2454 1206)
1028 2403 1226 2456 adpresse
1252 2405 1646 2456 argenteo-sericea,
1673 2404 1863 2446 caulibus

289 2453 546 2506 simplicibus
565 2465 745 2515 superne
763 2455 900 2515 nudis,
924 2455 1030 2497 foliis
1052 2456 1304 2516 radicalibiis
1324 2460 1367 2498 et
1394 2457 1567 2516 caiilinis
1596 2456 1862 2516 iiiferioiibiis

290 2506 695 2567 oblongo-cuneatis
732 2520 775 2548 in
799 2509 1014 2569 ‘petlolunm
1051 2512 1283 2569 attenuatis
1321 2510 1567 2570 simpliciter
1602 2509 1862 2570 piiinatiiidis

288 2558 393 2600 lobis
438 2559 626 2611 oblongis
671 2560 829 2601 obtusis
873 2573 1024 2613 saepius
1067 2566 1258 2614 integi-is,
1304 2562 1588 2615 superioribus
1631 2562 1861 2604 linearibus

290 2615 467 2672 remote·
488 2611 672 2672 deiitatis
709 2613 774 2673 vel
809 2614 985 2674 integris
1022 2615 1249 2675 sessilibus,
1286 2615 1486 2675 corymbo·
1516 2616 1693 2675 simplici
1724 2616 1860 2676 rariiis

289 2668 531 2757 composno,
553 2665 755 2725 inyolucri
774 2665 924 2718 phyllis
945 2679 1178 2719 nigro-mar
1208 2672 1349 2716 matis,
1372 2668 1511 2720 ligulis
1536 2669 1641 2709 albis
1671 2668 1860 2710 obovatis

289 2728 384 2757 invo
401 2728 500 2758 ucro
517 2718 760 2770 aequilongis
788 2722 845 2766 Qi.
868 2720 922 2760 A.
945 2722 1146 2772 arqentea
1203 2721 1253 2762 is.
1272 2720 1336 2762 Fi.
1359 2721 1498 2762 Dalm.
1522 2721 1610 2762 tab.
1634 2724 1672 2763 9.

346 2788 439 2823 Hab.
459 2789 496 2822 in
516 2789 700 2824 cacumine
720 2789 962 2825 Babalanitza
981 2792 1112 2827 montis
1137 2792 1334 2837 Rhodopes
1360 2793 1526 2827 Thraeiae
1555 2793 1614 2836 (ex
1642 2793 1758 2828 Heim.
1790 2793 1858 2827 loc.

303 2836 362 2870 cit.
383 2846 416 2879 p.
431 2836 489 2879 42)
510 2835 554 2879 (E
575 2836 710 2871 ditione
729 2847 800 2871 non
821 2837 918 2880 vidi).

347 2897 415 2932 Ar.
449 2897 591 2941 Geogr.
624 2899 738 2943 Alpes
769 2900 948 2935 Helvetiae
980 2902 1153 2936 australis
1185 2906 1220 2937 et
1250 2902 1367 2937 Italiae
1396 2903 1604 2947 superioris,
1644 2903 1862 2948 Germaniae,

300 2945 498 2989 Dalmatia,
518 2946 767 2991 Montenegro,
787 2947 944 2992 Croatia,
965 2948 1103 2992 Serbia,
1119 2949 1403 2984 Transsilvania.
