2094 3351
223 232 292 268 208
968 240 1152 265 uosncsss.
1781 229 1870 265 Rosa
1879 258 1887 265 .

223 315 292 349 Pag.

225 370 317 415 678,
344 365 603 419 glandulosa.
622 365 762 406 Flores
777 364 966 412 solitarii,
989 363 1512 416 sepala,1·eflexo-patentia
1530 363 1892 416 subpersistentia,

330 419 484 460 urceoli
511 418 749 468 subglobosi
782 417 956 458 minimi.
978 440 1030 445 ——
1063 415 1272 458 Franchet
1297 417 1338 457 in
1371 416 1433 457 Pl.
1457 415 1606 457 David.
1634 415 1759 458 Arch.
1781 416 1891 458 Mus.

331 471 449 512 Paris
476 467 631 521 (1883),
660 470 714 518 II,
746 470 794 518 V,
823 482 864 522 p.
891 473 978 517 153,
1007 469 1079 520 fig.
1113 472 1175 510 15.

389 541 481 576 Hab.
514 542 549 575 in
579 541 674 575 valle
706 540 841 575 Kuram
869 539 1073 584 Affghaniae
1100 551 1121 574 a
1141 539 1365 574 Habibkalla
1390 539 1436 574 ad
1463 540 1612 574 Alikhel
1635 540 1895 584 vulgatissima,

343 599 420 622 cum
447 588 652 633 Amyydalo
679 587 858 622 εϋιινηεὰ·
886 588 1059 621 montium
1090 587 1208 621 latera
1237 587 1402 630 lapidosa
1429 588 1540 621 totius
1571 587 1727 631 regionis
1756 586 1894 621 Hariab

343 636 447 670 ‹lictae
467 635 586 669 densis
605 635 784 668 fruticetis
805 634 979 678 obtegens
1001 634 1135 669 (Aitch.
1158 634 1180 667 l.
1207 634 1262 676 c.).

390 699 520 734 Affinis
540 699 586 734 R.
611 699 812 733 Webbianae
829 709 908 742 quae
931 709 973 733 ex
995 698 1040 732 cl.
1062 699 1191 742 Crepin
1219 699 1254 732 in
1280 708 1433 732 sermon.
1460 699 1594 732 aculeis
1620 697 1896 733 flavescentibus

343 747 544 790 geminatis,
565 746 710 789 stipulis
731 745 932 788 latioribus,
953 744 1219 779 inflorescentia
1239 745 1418 779 interdum
1446 744 1625 789 2-3·flora‚
1654 745 1789 788 sepalis
1814 744 1895 779 sub—

344 794 473 828 erectis
493 793 626 835 differt,
648 800 682 827 et
701 803 743 826 ex
766 792 890 826 eodem
917 798 1065 826 auctore
1088 793 1136 826 nil
1163 793 1229 826 nisi
1250 792 1366 826 forma
1389 803 1484 826 nana
1503 793 1550 826 R.
1568 792 1758 827 xanthinae
1777 791 1894 826 Lindl.

342 841 439 881 (Ros.
457 851 551 874 mon.
573 842 671 882 1820,
692 839 736 873 N.
763 840 822 876 78)
844 839 966 878 Chinae
990 839 1158 873 borealis.
1181 839 1338 882 Quaestio
1359 839 1512 874 ulterius
1531 838 1748 883 indaganda.

772 989 897 1031 Sscr.
920 990 996 1031 III.
1030 991 1355 1030 Diacanthae.

897 1108 937 1135 a.
969 1094 1234 1135 P1SOCARPAE.

385 1187 422 1225 7.
456 1184 514 1222 R.
539 1182 875 1234 Beqqeriana
897 1180 1104 1233 (Schrenk
1124 1182 1278 1222 Enum.
1305 1194 1347 1234 p.
1371 1181 1439 1233 73)
1460 1181 1598 1223 frutex
1618 1182 1745 1222 ramis
1766 1182 1899 1233 graci-

332 1235 439 1276 libus
466 1235 696 1276 suberectis
725 1234 1099 1285 glaucescentibuS,
1129 1234 1488 1283 homoeacanthus,
1511 1235 1585 1276 sed
1610 1234 1901 1286 irregulariter

332 1288 485 1329 aculeis
514 1287 661 1328 validis
692 1286 855 1328 falcatis
876 1287 965 1328 basi
987 1287 1172 1327 dilatatis
1191 1287 1244 1327 ad
1265 1293 1402 1328 ortum
1422 1287 1565 1339 petioli
1588 1287 1762 1339 geminis
1782 1286 1898 1328 flavis

332 1345 375 1381 et
394 1340 619 1392 gracilibus
639 1340 705 1380 vix
725 1340 906 1380 curvatis
923 1340 1078 1391 sparsis
1099 1344 1301 1388 armatus,
1324 1339 1634 1393 microphyllus,
1657 1339 1805 1381 foliolis
1831 1343 1898 1381 7-9

333 1395 374 1444 (2
408 1405 487 1434 cm.
521 1393 673 1444 longis)
709 1392 1040 1444 ovato-oblongis
1079 1392 1350 1433 discoloribus
1383 1393 1531 1433 subtus
1563 1391 1684 1433 valde
1714 1392 1900 1444 glauces-

333 1445 523 1487 centibus
543 1445 787 1497 simpliciter
806 1445 870 1485 vel
890 1444 1200 1486 subbidentatis
1221 1445 1415 1486 dentibus
1436 1446 1570 1486 ovatis
1596 1445 1794 1486 brevibus
1814 1445 1900 1497 gla-

330 1499 416 1539 bris
454 1510 527 1539 seu
565 1498 714 1538 subtus
752 1508 845 1538 cum
882 1498 1036 1549 petiolo
1074 1498 1316 1539 brevissime
1349 1498 1698 1550 pubescentibus,
1735 1498 1789 1539 sti
1820 1497 1898 1539 ulis

330 1551 478 1592 baseos
501 1562 711 1591 ramorum
748 1550 938 1602 angustis
971 1561 1114 1591 versus
1142 1549 1492 1592 inflorescentiam
1525 1550 1712 1592 dilatatis
1744 1562 1793 1591 su
1824 1562 1898 1603 pu-¹

330 1603 612 1649 bescentibus.
641 1603 796 1655 petiole
816 1604 1005 1644 aculeato
1026 1615 1174 1656 parum
1195 1603 1454 1655 glanduIOSO‚
1476 1603 1647 1645 fioribus
1674 1603 1716 1644 in
1743 1615 1901 1655 corym-

330 1657 404 1698 bos
448 1655 694 1697 multifloros
730 1656 967 1707 compositis
999 1657 1179 1696 minimis
1218 1656 1341 1708 longe
1377 1656 1684 1708 pedunculatis,
1717 1656 1900 1698 bracteis

332 1708 730 1757 ovato-lanceolatis,
790 1708 993 1749 edunculo
1014 1709 1277 1761 receptaculo
1299 1709 1503 1762 dorsoque
1528 1709 1764 1761 sepalorum
1792 1708 1901 1750 laevi-

333 1763 409 1803 bus
442 1773 539 1803 raro
575 1771 700 1813 parce·
731 1774 757 1812 g
778 1761 1003 1810 andulosis,
1038 1762 1301 1814 receptaculo
1322 1762 1428 1803 ovali
1449 1767 1522 1802 aut
1543 1762 1728 1814 globoso,
1749 1762 1901 1814 sepalis

331 1815 506 1866 integris
545 1814 792 1855 acuminatis
823 1814 978 1866 patulis
1011 1818 1084 1854 aut
1116 1819 1211 1867 post
1243 1814 1434 1856 anthesin
1466 1815 1712 1863 suberectis,
1749 1814 1902 1855 corolla

332 1868 494 1908 minuta
509 1868 659 1915 lactea,
675 1867 793 1919 stylis
807 1867 1004 1908 brevibus
1016 1867 1242 1920 capitulum
1266 1872 1547 1908 tomentosum
1568 1866 1898 1916 efformantibus,

332 1920 498 1961 urceolo
541 1919 757 1960 fructifero
794 1920 965 1960 minimo
1011 1920 1180 1971 globoso
1218 1919 1420 1972 pisiformi
1460 1920 1634 1973 pulposo
1671 1931 1896 1973 purpureo,

331 1972 481 2024 sepalis
511 1972 834 2024 persistentibus
860 1976 934 2013 aut
964 1978 1160 2014 monente
1187 1972 1339 2025 Crepin
1366 1974 1613 2025 intemperie
1633 1984 1783 2014 casuve
1807 1984 1900 2014 cum

331 2025 485 2066 urceoli
506 2025 609 2066 collo
628 2026 871 2066 tenuissimo
894 2026 1060 2074 ablatiS,
1083 2026 1144 2066 ita
1163 2030 1211 2066 ut
1230 2026 1421 2067 urceolus
1442 2026 1688 2067 decussatus
1715 2025 1901 2078 colloque

334 2078 561 2118 destitutus
589 2082 821 2119 remaneat.
843 2102 895 2107 —
913 2078 1069 2120 Ledeb.
1097 2078 1140 2120 fl.
1171 2079 1291 2120 Ross.
1313 2078 1370 2127 ΙΙ,
1400 2092 1442 2131 p.
1464 2082 1530 2120 82.
1552 2102 1605 2107 —
1624 2078 1748 2131 Crep.
1770 2078 1898 2120 Prim.

336 2131 411 2178 ΙΙΙ,
436 2133 526 2172 309.
548 2153 602 2158 -—
620 2129 677 2172 R.
699 2130 868 2182 Reqeliz'
886 2131 1046 2172 Reuter
1067 2131 1161 2172 Cat.
1184 2131 1294 2172 hort.
1323 2131 1428 2173 Gen.
1452 2145 1491 2173 a.
1513 2135 1626 2180 1867,
1648 2143 1690 2184 p.
1713 2135 1752 2172 4.
1771 2155 1821 2160 —
1840 2130 1898 2173 R.

334 2182 635 2225 Silverhielmii
658 2182 861 2230 Schrenk,
891 2184 1000 2224 Bull.
1026 2184 1156 2225 Acad.
1185 2184 1310 2226 Petro
1346 2217 1355 2225 .
1377 2184 1432 2234 ΙΙ,
1454 2197 1496 2237 p.
1522 2188 1595 2226 195
1619 2184 1687 2237 (ex
1712 2195 1824 2237 spec.
1847 2184 1898 2225 cl.

332 2236 514 2278 auctoris
552 2248 574 2277 e
612 2235 817 2288 Songaria
853 2236 882 2277 f.
923 2237 1233 2289 subpubescens
1261 2197 1582 2289 sugbiserrata).
1613 2260 1664 2265 —
1693 2237 1752 2279 R.
1787 2236 1902 2278 mitis

331 2289 466 2330 Boiss.
490 2295 533 2330 et
551 2288 691 2330 Buhse
710 2288 829 2330 Aufz.
860 2302 901 2342 p.
930 2293 995 2338 84,
1019 2289 1066 2341 (f.
1099 2290 1253 2331 aculeis
1281 2290 1512 2342 obsoletis).
1536 2314 1589 2319 —
1609 2290 1667 2332 R.
1690 2288 1902 2332 Lehman-

334 2342 466 2383 m‘ana
483 2342 632 2395 Bunge
661 2342 723 2383 Pl.
751 2341 916 2391 Lehm.,
938 2355 980 2395 p.
1003 2345 1094 2384 287.

391 2413 484 2448 Hab.
504 2414 541 2447 in
562 2412 726 2447 convalle
745 2412 780 2447 fl.
807 2412 1028 2448 Sarafschan
1054 2413 1306 2448 Turkestaniae
1334 2413 1501 2456 (Lehm.),
1529 2413 1575 2447 ad
1602 2413 1731 2447 Khiwa
1757 2412 1899 2456 (Korol—

344 2460 423 2494 kow
442 2466 478 2495 et
505 2459 664 2504 Krause3
682 2459 717 2494 fl.
738 2460 874 2503 pleno),
895 2471 950 2503 pr.
971 2460 1070 2494 Yezd
1091 2460 1224 2495 Persiae
1247 2459 1408 2504 (Buhse),
1431 2461 1467 2494 in
1487 2461 1618 2495 montis
1643 2459 1779 2494 Elbrus
1805 2459 1900 2494 valle

344 2507 465 2541 Loura
486 2507 619 2541 Persiae
640 2507 717 2541 bor.
737 2507 871 2550 (Buhse
892 2508 959 2542 595
984 2506 1007 2541 f.
1034 2506 1161 2542 subtus
1187 2507 1467 2552 glanduligera),
1496 2508 1531 2542 in
1562 2518 1663 2551 prov.
1690 2507 1901 2541 Khorassan

344 2565 398 2598 pr.
419 2553 609 2590 Schahrud
629 2554 729 2598 (Bge.
755 2557 770 2588 1
800 2554 825 2588 f.
855 2554 1057 2598 pubescens
1080 2554 1340 2598 subbiserrata,
1365 2554 1413 2598 6),
1441 2554 1487 2589 ad
1516 2554 1630 2590 cabul
1654 2553 1771 2598 (Griff.
1800 2556 1900 2597 1151,

347 2603 431 2636 1201
455 2601 479 2636 f.
499 2600 819 2645 heteracantha)et
832 2601 868 2635 in
879 2601 977 2636 valle
992 2601 1128 2635 Kuram
1146 2601 1350 2645 Affghaniae
1367 2601 1530 2645 (Aitch.).

392 2665 585 2700 Glandulae
605 2665 822 2700 subfoliares
842 2666 888 2700 R.
908 2666 1194 2700 Lehmannianae
1220 2676 1370 2710 quarum
1391 2666 1504 2700 Boiss.
1530 2666 1585 2700 Fl.
1614 2665 1675 2700 Or.
1701 2665 1747 2709 11,
1770 2676 1805 2710 p.
1831 2667 1900 2700 678

345 2718 381 2747 et
401 2712 506 2756 Crep.
527 2713 635 2747 Prim.
655 2713 717 2756 Vl,
738 2724 772 2756 p.
795 2715 863 2747 314
882 2712 1020 2747 faciunt
1040 2714 1257 2748 mentionem
1278 2713 1313 2747 in
1339 2713 1549 2748 authentico
1567 2713 1762 2756 specimine
1780 2712 1901 2747 Mara-

346 2759 495 2794 candico
515 2760 624 2803 plane
653 2759 793 2803 desunt,
813 2760 946 2794 adsunt
972 2766 1092 2794 autem
1114 2760 1343 2795 creberrimae
1364 2760 1398 2794 in
1425 2770 1521 2803 spec.
1551 2771 1573 2794 a
1592 2759 1699 2794 beato
1727 2759 1849 2794 Buhse
1865 2760 1900 2794 in

343 2817 389 2841 m.
409 2807 544 2841 Elbrus
568 2807 704 2841 Persiae
722 2806 799 2841 bor.
819 2807 868 2848 (in
885 2807 983 2841 valle
1012 2807 1108 2841 Nika
1128 2818 1183 2851 pr.
1204 2806 1399 2851 Radkann)
1421 2807 1515 2842 lecto
1540 2812 1627 2852 typo
1648 2811 1833 2850 caeterum,
1849 2806 1900 2840 in-

345 2854 471 2897 primis
491 2853 698 2888 foliolorum
720 2853 849 2897 forma,
870 2854 1056 2888 conformi.

279 2985 291 3004 ¹
316 2986 371 3021 De
390 2986 460 3021 hac
476 2985 685 3032 Amyqdalo
701 2985 766 3021 cfr.
786 2988 910 3031 supra,
929 2997 962 3031 p.
985 2988 1051 3022 198
1070 2986 1131 3021 lin.
1153 2990 1173 3022 5
1190 2997 1242 3031 sq.
