2094 3351
184 221 228 257 22
901 230 1146 255 BERBERIDRAE.
1674 219 1849 254 Leontice.

574 463 781 502 ORDO
816 463 900 501 11.
937 461 1459 501 BEBBERIDEAE

183 573 205 598 P
247 592 253 598 .

186 580 275 672 13³1,
305 629 400 674 post
420 623 708 663 Leonticen
729 623 994 662 Altaicam
1014 622 1150 662 insere
1173 635 1181 662 :

342 710 397 749 L.
438 709 752 748 Smjrnowii
791 707 983 760 (Ti-autv.
1023 707 1117 748 Act.
1158 707 1326 759 Petrop.
1367 707 1460 755 VII,
1500 719 1541 759 p.
1578 710 1668 749 405)
1706 707 1854 748 tubere

290 761 499 813 depresso,
538 760 633 801 folio
671 760 842 801 radicali
879 760 1364 812 petiolatocaulinoque
1398 760 1520 800 unico
1563 759 1852 800 subterminali

288 814 449 865 vaginae
469 813 682 854 latissima}
702 813 815 853 brevi
843 812 1131 864 amplexicauli
1159 812 1367 853 insidente
1392 812 1675 853 ternatisectis
1692 812 1855 853 divisio-

289 866 410 907 nibus
438 866 694 917 petiolulatis
719 865 1020 917 palmatisectis
1047 865 1274 916 segmentis
1301 865 1435 916 quinis
1462 865 1654 920 ellipticis
1680 865 1854 924 integris

287 919 478 959 omnibus
507 919 571 959 vel
599 918 857 959 intermediis
884 922 1048 958 tantum
1075 917 1262 958 breviter
1280 917 1550 969 petiolulatis,
1574 929 1739 958 racemo
1759 928 1856 957 sim-

289 972 384 1023 plici
403 970 644 1023 paucffloro,
667 971 850 1011 bracteis
870 971 1033 1022 magnis
1062 970 1338 1011 multinerviis
1355 969 1557 1022 pedicello
1578 969 1745 1011 demum
1770 972 1855 1010 2-3-

288 1025 373 1076 -plo
392 1024 666 1071 brevioribus,
690 1023 917 1075 squamulis
939 1023 1126 1064 cuneatis
1151 1023 1242 1063 basi
1263 1034 1345 1063 non
1364 1023 1541 1064 saccatis
1570 1023 1688 1075 apice
1711 1022 1856 1064 biden-

290 1077 390 1118 tatis
412 1076 607 1117 dentibus
627 1076 823 1117 brevibus
844 1076 970 1116 rectis
990 1077 1137 1124 ovatis,
1161 1075 1398 1127 capsulam.
1427 1079 1485 1123 91.

299 1148 507 1239 (NHab..di.r)i
536 1147 717 1182 Kuchetia
746 1147 897 1182 australi
930 1147 1226 1181 Transcaucasiae
1260 1157 1374 1190 prope
1403 1146 1611 1191 Lagodechi
1640 1146 1854 1190 (Smirnow).

349 1206 395 1230 on
414 1207 448 1229 Vi
477 1206 486 1229 l
507 1222 514 1228 .

348 1257 404 1291 Ex
425 1257 469 1290 cl.
490 1262 640 1290 auctore
660 1257 754 1290 omni
775 1256 916 1290 ratione
935 1257 978 1290 L.
998 1257 1150 1291 Alcaicae
1168 1255 1299 1299 affinis,
1318 1256 1382 1291 sed
1401 1257 1516 1291 multo
1535 1257 1653 1300 major
1676 1262 1711 1291 et
1731 1256 1855 1291 robus-

299 1305 381 1338 tior.
399 1303 443 1338 L.
463 1304 609 1338 Altaica
629 1304 776 1346 insuper
797 1303 918 1337 differt
941 1303 1139 1347 squamulis
1159 1303 1237 1338 basi
1261 1304 1454 1338 cucullatis
1477 1309 1512 1338 et
1535 1305 1638 1347 apice
1664 1304 1699 1337 in
1729 1303 1855 1338 dentes

302 1350 636 1385 lineari-subulatos
663 1350 938 1385 horizontaliter
966 1356 1134 1394 patentes
1162 1350 1266 1394 fissis,
1299 1351 1393 1396 stylo
1424 1350 1490 1385 sub
1521 1351 1662 1385 anthesi
1694 1351 1855 1385 ovarium

303 1397 541 1441 subaequante
560 1407 627 1431 nec
645 1397 867 1432 brevissimo.

186 1533 275 1578 101,
309 1529 650 1580 Epimedium
670 1528 1011 1579 pubiqerum,
1034 1527 1143 1568 adde
1165 1540 1173 1568 ε

346 1616 438 1651 Hab.
459 1616 506 1651 ad
525 1616 628 1651 littus
647 1616 757 1650 maris
774 1626 889 1659 prope
908 1615 1022 1650 Rhize
1039 1616 1144 1650 Ponti
1164 1616 1286 1650 Lazici
1303 1616 1398 1651 inter
1415 1616 1562 1651 dumeta
1580 1616 1673 1660 (Bal.
1686 1617 1719 1660 1).

187 1749 275 1796 102,
309 1748 364 1787 E.
391 1747 678 1798 pinnatum
699 1749 736 1801 β.
762 1745 1011 1795 ΟοῑσΙήοηφη,
1033 1745 1141 1787 adde
1164 1759 1172 1787 :

347 1835 440 1870 Hab.
462 1836 497 1869 in
517 1835 691 1870 silvaticis
708 1835 755 1869 ad
775 1836 904 1869 ostium
925 1835 1187 1878 Kalopotamos
1207 1835 1312 1869 Ponti
1329 1835 1450 1870 Lazici
1469 1836 1606 1879 (Bal.!).

347 1901 465 1944 Hujus
485 1901 619 1944 speciei
635 1901 715 1935 icon
736 1901 772 1934 in
792 1901 883 1935 Sert.
904 1900 1090 1943 Petropol.

186 2037 274 2082 103,
307 2032 564 2073 Berberis
585 2033 896 2084 erataeqina,
919 2031 1027 2073 adde
1050 2043 1099 2072 ex
1127 2031 1178 2072 cl.
1202 2032 1334 2084 Regel
1356 2044 1446 2084 syn.
1473 2045 1480 2072 :
1505 2032 1562 2073 B.
1589 2031 1756 2073 Iberica
1783 2046 1852 2073 ne.

289 2084 402 2138 Syst.
424 2085 480 2135 Π,
501 2088 539 2127 6.

347 2173 464 2216 Hujus
484 2172 610 2207 formae
629 2173 740 2207 variae
758 2173 795 2206 in
814 2172 910 2207 valle
930 2172 1068 2207 Kuram
1088 2172 1294 2216 Affghaniae
1316 2171 1495 2216 (Aitch.!).

348 2236 399 2271 Cl.
422 2235 536 2279 Regel
556 2238 635 2269 Act.
656 2236 802 2279 Petrop.
826 2236 871 2279 ΙΙ,
894 2245 977 2279 pag.
998 2237 1066 2269 407
1093 2241 1128 2270 et
1149 2246 1222 2279 seq.
1242 2236 1288 2270 B.
1308 2236 1536 2280 crataeyinam
1557 2241 1592 2270 et
1612 2236 1656 2270 B.
1682 2235 1856 2271 Creticam

300 2283 393 2316 inter
407 2284 603 2317 varietates
623 2283 667 2316 B.
688 2282 846 2317 Sinensis
865 2288 1041 2316 recenset.
1058 2282 1150 2316 Huic
1170 2283 1358 2317 sententiae
1377 2283 1553 2317 assentire
1569 2293 1719 2326 nequeO,
1738 2282 1854 2318 faten-

304 2329 387 2363 dum
402 2335 522 2364 autem
538 2330 676 2373 species
690 2329 814 2373 plures
827 2330 1027 2373 Europaeas
1042 2335 1077 2363 et
1089 2330 1294 2364 Orientales
1305 2329 1429 2364 formis
1439 2329 1661 2365 intermediis
1672 2331 1853 2375 conjungi.

543 2556 751 2597 0121)ss
787 2557 905 2596 111.
942 2556 1497 2597 NYMPHAEACEAE

185 2698 274 2743 104,
308 2695 610 2746 Nymphaea
633 2696 754 2736 alba
776 2707 786 2735 :

348 2766 388 2799 In
402 2765 629 2801 habitatione
647 2766 880 2810 (sphalmate)
901 2776 967 2810 pro
987 2766 1082 2810 aqris
1101 2766 1181 2810 lege
1197 2767 1310 2810 aquis.

347 2830 512 2864 Formam
544 2831 701 2874 amplam
728 2829 877 2865 floribus
906 2830 1011 2865 diam.
1038 2841 1134 2874 saepe
1165 2830 1444 2874 semipedalibus
1471 2830 1638 2875 foliisque
1664 2830 1791 2874 pedem
1818 2838 1854 2865 et

300 2877 454 2920 amplius
475 2877 558 2911 latis
579 2888 597 2911 e
619 2877 699 2912 lacu
721 2877 944 2912 Macedoniae
963 2897 1003 2901 —
1019 2878 1068 2912 N.
1088 2878 1216 2922 Asopia·
1235 2877 1348 2921 Orph.
1369 2878 1490 2912 sched.
1507 2897 1553 2903 —
1567 2884 1602 2913 et
1623 2888 1641 2912 e
1654 2878 1735 2912 lacu
1753 2878 1852 2923 Lysi-

298 2924 441 2958 machia
456 2924 602 2958 AEtoliae
622 2944 662 2948 —
685 2925 732 2959 N.
749 2924 972 2959 Dioscoridis
987 2924 1112 2959 Heldr.
1139 2924 1260 2959 sched.
1278 2944 1322 2948 —
1348 2925 1392 2959 cl.
1416 2926 1577 2970 Caspary
1599 2925 1692 2959 inter
1718 2925 1852 2959 formas

296 2971 342 3005 N.
361 2972 448 3005 albae
468 2982 543 3005 var.
562 2971 778 3017 polystiqma
795 2972 973 3016 (carpella
991 2973 1074 3006 circ.
1095 2972 1150 3016 18)
1169 2972 1205 3005 in
1224 2971 1394 3006 herbario
1411 2982 1489 3006 meo
1509 2972 1701 3007 recensuit.
