2115 3250
239 194 457 241 Gypsophila.
988 208 1161 233 suasam.
1863 204 1908 238 89

238 274 310 309 Pag.

234 707 324 753 556,

232 1118 321 1163 558,

231 2078 320 2124 559,

230 2269 320 2313 561,

353 329 448 364 inter
480 329 716 374 Gypsophilas
742 330 875 364 militat
901 334 937 365 et
961 330 1030 364 hac
1049 333 1136 365 nota
1165 342 1186 366 a
1216 332 1352 366 Tunicci
1381 333 1595 376 fasciculam
1620 351 1661 362 =
1690 335 1909 380 Gypsophilci

352 376 564 418 fasciculam
591 377 707 420 Marg.
733 382 768 410 et
794 377 898 411 Reut.
927 377 1020 411 facie
1048 378 1240 421 simillima,
1270 379 1333 413 sed
1363 380 1465 423 cujus
1498 381 1686 415 umbilicus
1713 383 1748 415 in
1774 383 1908 417 semine

352 423 581 466 complanato
600 423 771 457 centralis
797 428 862 467 est,
884 425 1050 468 generice
1070 424 1203 459 differt.
1230 425 1480 460 Indumentum
1507 427 1654 470 insuper
1674 428 1852 463 diversum
1873 430 1908 463 in

353 468 397 503 G.
421 469 602 504 Laconicci
630 470 828 504 velutinum
859 471 1080 514 pruinosum,
1107 472 1142 505 in
1171 472 1307 506 Tunica
1333 473 1546 515 fasciculam
1575 475 1658 517 pilis
1686 475 1909 517 glandulosis

353 521 538 560 constans;
561 516 670 560 hujus
693 516 852 551 bracteae
880 517 1094 552 lanceolatae
1116 519 1400 554 membranaceae
1426 526 1658 564 mucronatae,
1685 521 1910 566 Gypsophiloe

352 567 473 597 autem
493 563 651 598 breviter
671 564 828 598 lineares
847 565 1094 599 teretiusculae
1115 564 1266 599 obtusae.

357 705 411 744 G.
434 705 647 746 hirsuta
670 722 710 747 α.
735 704 996 758 thymifolz'ce,
1020 705 1128 747 adde
1152 719 1160 746 :

396 792 491 826 Hab.
511 793 547 826 in
566 793 795 836 rupestribus
812 794 966 838 Taygeti
988 793 1116 837 (Pichl.
1130 796 1164 835 !).

391 855 680 949 ngfilicauns'
716 856 824 897 adde
855 868 947 909 syn.
985 870 993 898 :
1030 857 1171 899 Silene
1204 857 1389 911 brevipes
1424 859 1565 912 Payne
1596 859 1717 900 East.
1751 860 1907 901 Palest.

335 921 376 960 p.
457 941 466 949 .

395 978 487 1013 Hah.
505 979 541 1012 in
559 983 681 1014 monte
699 979 811 1014 Gebel
832 980 991 1024 Siaghah
1012 981 1219 1015 Palaestinae
1240 981 1559 1026 Transjordanicae
1578 982 1758 1027 (Paynel).

353 1118 451 1156 ante
474 1117 528 1156 G.
551 1127 838 1157 acerosam
856 1117 993 1158 insere
1015 1130 1023 1158 :

391 1202 445 1242 G.
472 1203 758 1242 Stewartii
777 1203 966 1250 (Thoms.
990 1204 1031 1244 in
1047 1204 1184 1245 Hook.
1204 1204 1233 1245 f.
1258 1204 1319 1245 Fl.
1343 1205 1450 1246 Brit.
1474 1206 1566 1246 Ind.
1589 1206 1622 1255 I,
1645 1219 1686 1258 p.
1708 1206 1802 1258 216)
1818 1207 1909 1248 basi

337 1253 637 1296 suffrutescens
672 1256 815 1296 viridis
849 1256 976 1297 dense
1007 1257 1235 1309 pulvinaris
1264 1258 1329 1299 vel
1360 1258 1492 1299 laxius
1520 1260 1752 1310 caespitosa,
1783 1261 1910 1300 ramis

339 1307 487 1348 erectis
501 1307 697 1349 brevibus
717 1308 794 1349 sub
815 1308 929 1350 lente
945 1310 1158 1361 puberulis
1174 1309 1280 1351 foliis
1295 1310 1492 1352 brevibus
1508 1312 1691 1352 tenuiter
1704 1312 1909 1353 subulatis

337 1360 515 1401 acerosis
535 1360 684 1401 subtus
706 1362 898 1402 convexis
919 1362 1076 1413 glabris
1091 1363 1156 1403 vel
1170 1363 1383 1414 puberulis
1398 1363 1581 1416 undique
1602 1365 1762 1413 obsitis,
1782 1366 1910 1417 cymis

336 1413 626 1454 terminalibus
648 1413 775 1454 dense
795 1413 1172 1466 capituliformibus
1191 1416 1434 1457 brevissime
1457 1417 1750 1468 pedunculatis
1771 1429 1793 1458 e
1814 1429 1910 1458 caes-

336 1465 423 1517 pite
448 1465 515 1506 vix
544 1466 734 1514 exsertis,
756 1466 939 1508 bracteis
969 1467 1176 1508 subulatis
1195 1469 1479 1520 pungentibus
1497 1470 1638 1522 calyce
1658 1471 1724 1510 vix
1750 1470 1910 1510 brevio-

335 1518 465 1566 ribus,
489 1518 640 1570 calycis
661 1519 828 1570 oblongi
849 1520 1033 1571 pruinosi
1053 1520 1164 1561 inter
1182 1525 1318 1561 costas
1339 1521 1522 1562 elevatas
1543 1522 1693 1562 sulcati
1715 1523 1909 1563 dentibus

336 1571 865 1622 triangulari-lanceolatis
904 1573 1083 1614 acerosis
1121 1573 1314 1621 rubellis,
1354 1574 1506 1626 petalis
1548 1576 1675 1615 roseis
1714 1575 1910 1627 oblongo-

334 1623 561 1664 linearibus
581 1623 743 1664 obtusis
761 1624 901 1677 calyce
919 1625 1126 1677 subduplo
1141 1626 1415 1677 longioribus.

393 1693 486 1727 Hab.
506 1694 673 1737 gregarie
700 1694 735 1728 in
765 1694 960 1739 Affghania
989 1696 1083 1729 inter
1106 1696 1243 1730 Kuram
1274 1701 1309 1730 et
1339 1697 1486 1731 Alikhel
1521 1699 1623 1731 4000‘
1650 1698 1710 1731 ubi
1742 1698 1909 1741 pulvinos

349 1739 477 1774 densos
506 1740 655 1775 floribus
689 1741 825 1775 crebris
856 1743 969 1776 roseis
996 1742 1282 1786 elegantissimos
1309 1743 1453 1787 format,
1483 1745 1518 1778 in
1548 1745 1760 1779 elatioribus
1789 1751 1909 1779 autem

347 1788 512 1821 8-10000'
532 1788 650 1822 laxior
670 1799 740 1821 non
754 1789 957 1831 pulvinata.

395 1852 426 1884 A
450 1850 493 1885 G.
511 1850 674 1885 erinacect
693 1850 841 1885 floribus
862 1851 1046 1886 sessilibus
1067 1852 1176 1887 dense
1193 1854 1384 1897 congestis,
1402 1864 1422 1887 a
1440 1854 1484 1888 G.
1499 1854 1641 1888 aeerosci
1660 1860 1695 1888 et
1713 1854 1755 1889 G.
1774 1855 1908 1899 Hom‘q-

348 1897 481 1941 beryeri
508 1898 641 1942 calycis
671 1898 839 1933 dentibus
867 1900 1022 1933 acerosis
1052 1899 1238 1934 distincta.
1266 1901 1434 1944 Capitula
1463 1912 1554 1936 nuce
1581 1901 1750 1936 avellana
1779 1901 1908 1936 submi—

346 1955 446 1987 nora,
466 1945 571 1989 calyx
593 1948 607 1978 1
628 1944 665 1986 ⁸l4
687 1946 747 1979 lin.
770 1945 910 1989 longus.

356 2077 409 2116 G.
444 2077 860 2127 sperqulaefolia,
896 2081 1015 2118 muta
1055 2090 1207 2119 nomen
1238 2079 1281 2119 in
1316 2080 1369 2119 G.
1407 2080 1437 2118 J
1446 2079 1824 2119 aubertianam
1856 2080 1906 2121 ob

334 2129 613 2181 antiquiorem
635 2129 688 2171 G.
711 2129 1075 2183 sperquloefoliam
1098 2130 1262 2172 Griseb.
1284 2130 1395 2183 spic.
1418 2131 1453 2180 I,
1472 2144 1513 2184 p.
1536 2135 1624 2172 183.

342 2269 437 2318 post
457 2266 948 2317 Acanthophyllum
970 2268 1367 2318 grandiflorum
1387 2268 1523 2309 insere
1546 2280 1555 2308 :

388 2353 448 2392 A.
470 2353 766 2393 macr-odon
788 2353 977 2405 (Edgew.
1004 2354 1047 2394 in
1066 2354 1164 2395 J.D.
1190 2353 1327 2395 Hook.
1355 2354 1418 2395 Fl.
1441 2354 1548 2395 Brit.
1574 2355 1666 2396 Ind.
1689 2355 1722 2403 I,
1748 2368 1790 2408 p.
1813 2357 1907 2407 216)

333 2405 494 2446 minute
519 2405 750 2457 pubescens
776 2406 1039 2457 pulvinatum
1071 2407 1415 2459 spinosissimum,
1444 2407 1551 2448 foliis
1581 2408 1908 2449 horizontalibus

333 2458 487 2509 pallide
512 2458 713 2498 viridibus
743 2460 921 2500 acerosis
949 2471 1129 2511 superne
1155 2460 1291 2511 planis
1320 2460 1469 2500 subtus
1498 2461 1703 2509 convexis,
1737 2461 1908 2502 floribus

334 2511 622 2552 terminalibus
661 2511 858 2558 solitariis
895 2511 1078 2552 bracteis
1117 2513 1331 2564 quaternis
1367 2513 1592 2553 linearibus
1623 2514 1908 2565 pungentibus

333 2575 554 2614 squarrose
573 2564 756 2604 recurvis
771 2564 923 2616 calycis
942 2564 1059 2605 lobos
1077 2565 1418 2617 subaequantibus
1435 2566 1625 2617 margine
1645 2566 1908 2607 membrana—

335 2615 417 2656 ceis
437 2615 632 2664 suffultis,
665 2616 816 2668 calycis
845 2616 1058 2669 cylindrici
1086 2618 1568 2670 pruinoso-pubescentis
1597 2618 1791 2660 dentibus
1820 2619 1908 2659 lan-

336 2668 721 2761 ceolatci-subullatis
742 2670 920 2710 acerosis
934 2671 1117 2711 recurvis
1133 2671 1322 2722 margine
1337 2675 1515 2722 anguste
1535 2672 1741 2720 scariosis,
1757 2672 1908 2723 petalis

335 2721 462 2761 roseis
499 2721 627 2761 inem-i
662 2733 709 2762 us
734 2725 791 2769 91.

393 2791 486 2825 Hab.
503 2791 539 2825 in
561 2791 757 2835 Affghania
778 2792 895 2830 (Griff.
916 2803 960 2827 ex
977 2793 1095 2827 Hook.
1110 2793 1177 2828 loc.
1199 2794 1271 2836 cit.)
1292 2793 1387 2836 (Non
1407 2794 1506 2837 vidi).

395 2853 448 2888 Ob
473 2853 580 2888 flores
601 2855 785 2889 solitarios
814 2856 860 2890 A.
884 2856 1106 2900 yrandifloro
1134 2856 1254 2891 affinis
1287 2868 1307 2891 a
1337 2868 1405 2900 quo
1441 2868 1483 2891 ex
1517 2857 1758 2901 descriptione
1787 2858 1908 2892 differt

349 2900 444 2935 foliis
479 2901 703 2944 longioribus
740 2904 815 2937 (5-8
844 2903 905 2937 lin.
940 2903 1083 2947 longis),
1110 2903 1268 2938 bracteis
1302 2904 1500 2938 linearibus
1536 2906 1907 2948 squamoso-recurvis

350 2947 464 2992 calyci
485 2947 780 2992 subaequilongis.
