2115 3250
207 192 371 238 Thymus.
946 199 1122 223 mamre
1812 186 1877 222 :361

203 275 273 308 Pag-
364 328 403 366 5⁰
431 325 523 364 Th.
552 325 754 364 densus
775 321 862 362 Cel.
887 320 987 369 (Th.
1013 320 1194 361 striatas
1214 320 1331 360 vain?
1352 319 1504 360 Benth.
1527 320 1566 359 in
1596 319 1738 360 sehed.
1760 319 1879 359 herb.

418 376 576 426 Berol.)
598 376 756 427 optima
776 374 949 426 speeies.

369 449 461 482 Hab.
482 448 584 492 Syria
606 447 832 490 (Bruguiere,
853 445 1016 488 (ilivier),
1038 445 1130 478 inter
1151 443 1301 487 Bagdad
1329 449 1364 478 et
1386 444 1529 488 Aleppo
1550 444 1682 477 Persiae
1704 443 1839 485 (Oliv.).

363 526 401 563 6ο
432 523 523 562 Th.
547 520 929 569 leucostachys
944 518 1032 559 Cel.
1052 517 1153 567 (Th.
1176 517 1356 558 striatas
1370 517 1581 558 Benth.i11
1602 516 1743 557 sehed.
1762 517 1880 558 herb.

416 573 575 624 Berol.)
596 573 705 613 bona
725 572 897 624 species.

369 645 462 679 Hab.
483 647 518 678 in
537 645 685 679 Oriente
709 644 936 687 (Bruguiere,
959 642 1107 685 Olivier)
1130 642 1274 685 (Syr-ia?
1293 641 1395 685 Cet).

363 725 402 761 7⁰
431 721 522 760 Th.
547 720 853 771 pubescens
873 718 1005 758 Boiss.
1029 722 1071 758 et
1092 717 1188 769 Ky„
1212 717 1252 757 in
1276 716 1337 756 Fl.
1361 715 1433 757 Or.
1458 717 1686 767 neglectus.

369 790 462 870 Habl.
496 791 677 880 i3201‘)‹›ri(t1‹{)
711 790 804 878 i)nter
836 789 1045 831 Trapezunt
1080 793 1114 821 et
1150 786 1304 821 Baibout
1335 787 1369 820 in
1404 786 1535 830 alpinis
1569 786 1749 820 Alischeri
1784 785 1885 820 Chan

418 848 438 872 a
457 843 482 871 t.
574 840 607 869 ('
680 847 713 880 y.
736 864 741 868 .

208 966 296 1010 559,
328 963 419 1020 Th.
447 962 702 1020 ‘Cilicicus
731 973 909 1013 quoque,
939 973 987 1001 ex
1016 960 1226 1001 sententia
1254 960 1306 1000 cl.
1335 946 1480 1000 Celak.
1513 959 1565 999 ad
1596 969 1766 1009 gregem
1802 956 1884 997 Th.

310 1015 778 1109 &ffigitgasaddueendus
820 1014 978 1066 species
1016 1016 1038 1054 2
1076 1013 1183 1054 bene
1229 1012 1449 1053 distinctas
1496 1012 1697 1058 eontinet,
1741 1009 1887 1050 ambas

368 1124 405 1161 1⁰
435 1101 534 1161 Th.
552 1121 806 1161 Cilicicus
828 1119 962 1160 Boiss.
985 1123 1028 1160 et
1048 1119 1139 1159 Bal.

371 1192 464 1226 Hah.
489 1203 603 1236 prope
623 1192 775 1226 Tarsum
798 1191 921 1233 (Bar),
941 1191 976 1224 in
997 1195 1119 1224 monte
1136 1189 1331 1233 Bos-Dagh
1358 1200 1411 1233 pr.
1430 1189 1611 1223 Ermenek
1633 1187 1803 1230 (Peronin
1824 1186 1888 1220 sub

420 1240 483 1274 Th.
503 1239 626 1274 ciliato
644 1239 774 1273 Benth.
793 1238 883 1282 var.)
906 1243 941 1272 et
961 1238 1007 1272 ad
1029 1239 1214 1272 Anamour
1236 1236 1432 1279 (Peronin).

366 1318 405 1355 2⁰
435 1315 526 1355 Th.
549 1315 834 1354 revolutus
855 1313 943 1354 Cel.

371 1386 464 1420 Hab.
486 1387 522 1420 in
541 1386 724 1420 montibus
748 1385 891 1420 Kassan
911 1385 1006 1429 Oglu
1027 1385 1160 1420 Ciliciae
1181 1384 1369 1418 orientalis
1391 1383 1499 1428 (Kys).

313 1461 531 1502 Accedunt
553 1461 731 1513 denique
751 1461 912 1513 speeies
934 1464 956 1501 5
978 1473 1027 1501 ex
1048 1460 1206 1501 ditione
1227 1459 1289 1500 Fl.
1315 1458 1387 1501 Or.
1411 1470 1526 1499 novae
1550 1470 1558 1497 :

365 1533 457 1573 Th.
492 1532 686 1572 Jankae
716 1530 805 1572 Cel.
837 1532 878 1572 in
905 1530 1030 1571 Flore.
1065 1533 1178 1577 1883,
1201 1543 1243 1582 p.
1278 1533 1351 1570 146
1379 1528 1484 1581 (Th.
1514 1526 1744 1569 achalm-is
1776 1529 1889 1567 auct.

419 1585 572 1626 Banat.
597 1597 677 1625 non
700 1584 766 1625 W.
791 1589 834 1625 et
854 1584 905 1625 K.
929 1588 1039 1625 teste
1058 1583 1232 1634 Janka).

373 1656 466 1690 Hab.
493 1657 528 1690 in
557 1656 681 1690 Haemo
710 1655 756 1690 ad
783 1656 906 1691 Slivno
937 1654 1087 1698 wanka)
1119 1674 1158 1678 —
1189 1654 1320 1688 deinde
1353 1658 1457 1687 extra
1485 1652 1655 1686 ditionem
1683 1652 1718 1684 in
1748 1651 1890 1685 Banatu

419 1703 694 1738 me1·id.-0rient.
712 1703 861 1746 (Janka)
885 1707 920 1737 et
941 1703 976 1736 in
998 1702 1225 1745 rupestribus
1246 1701 1293 1735 ad
1315 1700 1487 1735 Csiklova
1510 1698 1711 1743 (Wierzb.).

375 1768 404 1801 E
432 1778 542 1812 grege
568 1768 872 1811 stlaryinatarum
893 1772 928 1800 et
958 1767 1023 1800 Th.
1045 1765 1210 1810 Serpylli,
1231 1765 1352 1809 quoad
1378 1764 1609 1799 bractearum
1637 1761 1891 1806 configuratio-

421 1825 503 1849 nem
524 1815 627 1858 quasi
651 1815 718 1848 Th.
741 1814 946 1848 bracteosus
963 1814 1037 1847 Vis.
1058 1814 1226 1847 minutus.

367 1891 457 1932 Th.
483 1891 801 1942 pulvinatus
823 1889 912 1930 Cel.
937 1889 978 1929 in
997 1888 1133 1937 Flora,
1161 1891 1274 1937 1884,
1298 1900 1338 1940 p.
1363 1890 1454 1928 533.

376 1962 468 1996 Hab.
491 1963 526 1995 in
546 1967 666 1996 monte
689 1961 920 2005 Kapu-Dagh
941 1960 1015 1995 Idae
1041 1960 1194 1994 Troadis
1225 1959 1328 1994 (Sint.
1349 1958 1414 1993 sub
1441 1959 1507 1993 Th.
1528 1958 1670 1993 hirsuto
1689 1956 1808 1993 MR).

374 2029 406 2061 A
430 2027 497 2062 Th.
516 2027 658 2062 hirsuto
678 2027 771 2061 ΜΒ.
793 2026 921 2061 habitu
939 2025 1204 2070 quodammodo
1226 2024 1333 2059 simili
1353 2023 1497 2058 abunde
1520 2023 1692 2058 diversus.

369 2104 460 2144 Th.
485 2103 825 2143 humillimus
843 2101 931 2143 Cel.
955 2101 981 2142 l.
1005 2113 1040 2142 e.
1063 2113 1104 2153 p.
1130 2104 1220 2142 534.

376 2173 469 2208 Hab.
491 2174 526 2207 in
542 2174 631 2217 jugo
652 2174 784 2208 montis
805 2172 878 2207 Idae
895 2171 1049 2206 Troadis
1070 2171 1171 2215 (Sint.
1192 2170 1257 2205 sub
1284 2171 1349 2205 Th.
1370 2170 1511 2204 hirsuto
1529 2169 1558 2212 f.
1574 2168 1725 2213 alpinci).

374 2236 480 2271 Certe
498 2248 568 2271 non
587 2236 828 2281 praecedentis
849 2235 965 2270 forma
985 2235 1120 2279 alpina.

369 2313 461 2352 Th.
484 2312 809 2352 imbricatus
829 2310 918 2352 Cel.
941 2310 969 2351 1.
993 2322 1028 2351 c.
1051 2323 1093 2362 p.
1113 2313 1202 2351 535.

377 2383 471 2418 Hah.
510 2384 545 2417 in
576 2394 746 2417 marmor.
779 2383 910 2416 montis
936 2382 1005 2416 Szu
1038 2381 1126 2416 Szus
1162 2381 1268 2425 Dagh
1303 2379 1376 2414 Idae
1405 2377 1558 2413 Troadis
1589 2378 1690 2421 (Sint.
1726 2377 1791 2411 sub
1828 2376 1894 2410 Th.

428 2431 592 2476 Setpyllo
613 2441 687 2465 var.
708 2440 904 2473 squarroso
923 2429 1081 2471 Benth.).

379 2493 509 2528 Affinis
533 2494 600 2528 Th.
618 2504 813 2537 squarroso
832 2493 951 2527 Fisch.
973 2497 1009 2527 et
1028 2492 1123 2536 Mey.
1141 2508 1183 2519 z
1208 2491 1273 2525 Th.
1292 2490 1392 2534 Serp.
1410 2490 1434 2523 θ.
1456 2498 1673 2532 squarrosus
1692 2487 1747 2521 Fl.
1769 2487 1831 2522 Or.

372 2569 465 2609 Th.
493 2568 776 2609 Sintenisii
797 2567 885 2609 Cel.
909 2567 936 2607 l.
960 2578 996 2607 e.
1019 2579 1060 2618 p.
1081 2569 1172 2607 537.

379 2638 472 2673 Hab.
491 2650 545 2683 pr.
567 2639 699 2673 Maitos
719 2639 756 2673 in
774 2638 998 2674 Chersoneso
1018 2637 1121 2681 (Sint.
1137 2647 1164 2671 s.
1179 2646 1274 2670 nom.
1290 2635 1383 2670 falso
1402 2635 1467 2669 Th.
1485 2632 1715 2669 heterotrichi
1728 2630 1897 2674 Griseb.).

222 2774 311 2818 560,
341 2771 433 2810 Th.
456 2769 744 2820 capitatus,
773 2767 882 2808 adde
908 2779 998 2820 syn.
1021 2779 1028 2806 :
1066 2766 1147 2808 Th.
1175 2764 1412 2806 Marinosci
1438 2763 1543 2805 Ten.
1572 2774 1654 2803 non
1681 2760 1798 2802 Presl
1831 2763 1898 2810 (ex

322 2823 373 2864 cl.
397 2822 544 2864 Celak.
567 2821 692 2862 Flora
715 2824 830 2870 1883,
853 2833 894 2873 p.
918 2820 1025 2871 154).

221 2964 311 3009 561,
343 2960 554 3001 Zataria
575 2958 889 3005 multiflora,
911 2956 1020 2997 adde
1043 2969 1050 2996 :
1078 2955 1213 2996 Hook.
1237 2955 1348 2995 leon.
1372 2953 1463 3001 XV,
1487 2958 1518 2993 t.
1546 2954 1659 2992 1428.
