2115 3250
205 227 304 262 Rosa.
942 235 1122 259 nosAcnAE.
1799 222 1863 257 221

852 372 890 410 3.
920 367 1211 421 Rubiqinosoe.

359 477 423 515 31.
457 475 515 514 R.
537 472 851 524 rubiginosa
881 471 946 523 (L.
976 470 1110 512 Mant.
1141 470 1196 515 ΙΙ,
1220 469 1313 520 564)
1334 469 1472 510 frutex
1493 469 1645 510 densus
1664 468 1867 520 strigosus

303 525 629 568 heteracanthus
661 524 835 577 (typice)
866 535 977 576 saepe
1006 522 1366 569 homoeacanthus‚
1397 521 1550 562 aculeis
1577 520 1723 562 validis
1756 521 1869 560 unci-

304 578 618 626 nato-hamosis‚
635 576 802 618 aciculis
817 575 991 629 (typice)
1007 588 1056 616 ex
1071 575 1378 616 inflorescentia
1394 575 1436 614 in
1451 573 1633 614 ramulos
1649 584 1869 624 ramosque

305 630 652 672 descendentibus
684 629 811 670 etiam
844 629 1030 669 turiones
1059 628 1239 668 novellos
1273 626 1527 676 tegentibus,
1557 625 1865 677 microphyllus‚

304 683 452 725 foliolis
485 686 550 724 5-7
576 681 814 723 rotundatis
840 681 1134 722 obtusiusculis
1160 692 1271 732 saepe
1301 679 1577 720 obtusissimis
1637 677 1869 718 ubescenti-

301 737 380 777 bus
405 736 540 776 rarius
569 734 772 787 glabratis
803 734 952 775 subtus
984 734 1119 774 rarius
1144 744 1271 784 supra
1300 732 1427 772 dense
1453 731 1609 782 glandu
1627 731 1708 771 osis
1736 729 1869 770 brevi-

301 792 368 830 ter
387 792 430 829 et
449 791 595 840 aperte
613 787 845 835 biserratis,
905 786 1030 828 etiolo
1057 785 1248 826 aculeato
1276 784 1397 824 valde
1422 783 1682 835 glanduloso,
1705 782 1868 833 stipulis

302 840 651 882 inflorescentiam
672 851 816 880 versus
839 839 880 879 di
898 839 1040 886 atatis,
1063 837 1233 879 fioribus
1253 837 1391 889 parvis
1413 836 1666 888 corymbosis
1684 835 1869 876 breviter

301 893 608 946 pedunculatis‚
636 892 881 944 pedunculis
906 891 1171 943 receptaculo
1199 889 1449 941 subgloboso
1478 888 1683 940 dorsoque
1710 887 1869 938 sepalo-

301 958 394 987 rum
420 946 513 998 plus
538 945 675 986 minus
701 944 827 985 dense
854 942 1250 995 aculeato-hispidis,
1284 941 1435 994 sepalis
1462 940 1705 993 patentibus
1725 940 1870 991 pinna-

300 998 428 1039 tifidis
460 998 650 1050 margine
679 997 923 1038 tomentosis
950 995 1248 1048 appendicibus
1268 993 1692 1041 lineari-lanceolam&
1716 991 1869 1032 corolla

299 1052 429 1104 parva
461 1051 556 1092 laete
586 1051 950 1102 purpureo-rosea,
987 1049 1106 1101 stylis
1139 1049 1181 1088 in
1214 1047 1442 1099 capitulum
1472 1046 1867 1086 albo-tomentosum

301 1104 520 1151 concretis,
560 1103 726 1143 urceolo
762 1107 928 1142 maturo
965 1102 1138 1153 pulposo
1171 1111 1380 1152 purpureo
1418 1099 1569 1151 sepalis
1608 1098 1757 1139 erectis
1796 1100 1869 1136 aut

300 1156 543 1209 patentibus
564 1154 964 1207 subpersistentibus
985 1157 1197 1194 coronato,

359 1225 451 1260 Hab.
469 1225 656 1259 Iudicatur
676 1235 697 1259 a
714 1225 759 1259 cl.
777 1225 936 1258 Boissier
956 1224 1064 1258 variis
1081 1223 1170 1257 locis
1190 1233 1212 1257 a
1230 1222 1372 1257 Graecia
1389 1221 1435 1256 ad
1453 1221 1661 1255 Armeniam
1682 1225 1717 1254 et
1737 1220 1867 1253 Trans-

313 1273 527 1316 caucasiam‚
548 1272 611 1307 sed
637 1283 703 1306 nec
732 1271 887 1306 Scheutz
906 1281 973 1305 nec
1003 1270 1135 1315 Crepin
1156 1281 1174 1305 e
1200 1270 1307 1304 messi
1326 1269 1500 1303 ditissima
1519 1278 1684 1302 rosarum
1703 1267 1867 1301 Caucasi-

311 1331 434 1354 carum
454 1330 476 1354 a
494 1319 683 1354 Brotheris
703 1318 879 1353 fratribus
899 1318 1055 1352 collecta
1076 1328 1153 1352 eam
1168 1321 1390 1360 nuncupant.
1411 1316 1558 1350 Prostat
1578 1315 1613 1348 in
1634 1314 1735 1348 herb.
1753 1314 1867 1347 Boiss.

314 1378 358 1402 ex
378 1367 527 1402 Oriente
547 1365 770 1401 solummodo
791 1366 972 1408 specimen
993 1375 1011 1399 e
1028 1370 1150 1399 monte
1170 1363 1356 1406 Seidkodji
1375 1362 1474 1396 distr.
1492 1362 1587 1395 Khoi
1602 1362 1735 1396 Persiae
1757 1360 1866 1394 occid.

313 1414 438 1458 (Szow.
461 1414 543 1457 273)
564 1414 601 1447 in
631 1413 687 1447 Fl.
718 1413 778 1447 Or.
807 1412 854 1447 R.
880 1412 1011 1455 ferocis
1038 1412 1087 1445 M.
1116 1411 1156 1445 B.
1180 1412 1322 1445 nomine
1343 1415 1521 1451 ornatum,
1548 1409 1610 1443 sed
1641 1409 1734 1442 omni
1764 1407 1868 1441 modo

311 1462 469 1506 typicam
488 1461 736 1504 rubiyz'nosam
756 1471 803 1493 sc.
829 1460 969 1502 insigne
995 1458 1297 1493 heteracantham
1321 1458 1461 1501 sistens,
1485 1456 1587 1500 stylis
1616 1455 1708 1489 bene
1732 1460 1866 1488 tomen-

312 1509 400 1542 tosis
417 1518 483 1542 nec
502 1507 650 1551 glabris⁷
667 1507 719 1541 uti
741 1507 817 1540 vult
837 1506 880 1540 cl.
903 1506 1071 1540 Boissier.

358 1569 426 1604 Ar.
448 1569 591 1612 Geogr.
611 1570 760 1613 Europa
780 1570 953 1613 imprimis
972 1568 1082 1603 occid.
1105 1573 1140 1602 et
1160 1567 1278 1602 media
1297 1578 1318 1602 a
1332 1567 1460 1603 Suecia
1477 1565 1704 1600 meridionali
1719 1564 1868 1608 Anglia-

312 1629 380 1661 que
400 1617 446 1652 ad
467 1618 570 1652 Mare
590 1617 910 1651 Mediterraneum.

359 1682 473 1716 Adest
491 1682 527 1716 in
548 1681 696 1716 Oriente
717 1692 793 1715 var.
815 1691 968 1724 sequens
990 1692 997 1713 ε

353 1747 390 1798 β.
420 1742 607 1784 Aucheri
628 1742 769 1794 (Crep.
793 1742 920 1783 Prim.
943 1741 977 1790 Ι,
998 1742 1104 1791 123).
1125 1764 1174 1768 -
1190 1739 1342 1781 Differt
1356 1752 1381 1780 a
1401 1744 1499 1792 typo
1548 1738 1630 1779 ube
1644 1737 1867 1789 pedunculi

297 1796 551 1848 receptaculi
571 1796 890 1847 sepalorumque
911 1794 1021 1835 dorsi
1041 1794 1191 1834 incana
1211 1793 1456 1833 densissime
1476 1752 1545 1832 asi)
1560 1792 1677 1832 ressa
1694 1789 1868 1842 glandu-

297 1848 400 1897 losa„
423 1848 666 1889 charactere
681 1848 825 1888 multis
844 1848 947 1888 rosis
975 1846 1158 1888 Orientis
1184 1846 1410 1886 communi!
1442 1868 1491 1872 —
1552 1847 1682 1885 aetera
1709 1841 1870 1883 confor-

297 1901 401 1952 mia3
423 1901 480 1953 pl.
503 1900 840 1949 homoeacantba,
863 1899 1003 1940 foliola
1021 1899 1308 1952 pubescentia.

357 1972 450 2007 Hab.
469 1973 506 2006 in
524 1977 646 2007 monte
665 1972 801 2006 Elbrus
820 1972 954 2006 Persiae
973 1971 1051 2005 bor.
1073 1970 1156 2015 (Ky.
1177 1969 1269 2013 276).

353 2104 416 2142 32.
446 2102 467 2125 *
484 2102 542 2141 R.
573 2101 797 2141 Thureti
817 2100 998 2149 (Burnat
1024 2102 1067 2140 et
1094 2098 1266 2146 Gremli,
1298 2096 1355 2138 Su
1386 2096 1442 2149 pl.
1465 2096 1564 2137 Ros.
1586 2095 1680 2148 Alp.
1704 2095 1865 2143 Marit.,

297 2167 339 2206 p.
376 2157 438 2203 12,
472 2166 510 2194 a.
548 2154 666 2205 1883)
688 2152 826 2194 frutex
847 2163 979 2193 nanus
1001 2151 1253 2192 divaricatus
1273 2150 1350 2191 sub
1383 2148 1695 2196 eteracanthus,
1715 2147 1869 2188 aculeis

297 2218 509 2248 ramorum
540 2210 799 2247 vetustorum
833 2205 980 2246 validis
1013 2204 1273 2245 rectiusculis
1312 2202 1518 2254 elongatis
1555 2201 1645 2242 basi
1682 2200 1869 2241 dilatatis

298 2259 553 2300 novellorum
596 2259 876 2306 tenuion'bus,
923 2256 1241 2309 microphyllus‚
1282 2254 1430 2296 foliolis
1469 2258 1547 2296 5-7
1579 2252 1870 2305 magnitudine

296 2310 654 2406 fimpz'nellz'folioe
690 2310 1073 2352 suborbicularibus
1106 2321 1180 2350 seu
1216 2307 1654 2349 rotundato-obovatis
1695 2305 1869 2357 glandu-

315 2365 620 2406 oso-biserratis
642 2364 837 2405 dentibus
855 2363 952 2404 latis
972 2362 1215 2415 patentibus
1240 2360 1531 2413 glabriusculis
1552 2360 1638 2400 sive
1656 2357 1869 2411 puberulis

298 2417 473 2458 obscure
493 2417 723 2458 virentibus
744 2415 953 2468 glandulis
972 2415 1170 2467 utrinque
1195 2413 1471 2461 creberrimis,
1494 2412 1647 2464 petiolo
1677 2411 1868 2452 aculeato

299 2470 559 2522 glanduloso‚
589 2469 760 2510 floribus
818 2469 927 2509 arvis
955 2468 1153 2508 solitariis
1179 2467 1363 2508 breviter
1380 2465 1689 2518 pedunculatis‚
1711 2463 1869 2516 pedun-

297 2523 389 2563 culo
408 2522 673 2574 receptaculo
693 2533 794 2574 sepa
812 2533 931 2562 orum
961 2533 1015 2562 ue
1034 2520 1156 2561 dorso
1184 2517 1683 2570 aciculato-glandulosis‚
1717 2516 1868 2568 sepalis

299 2575 598 2627 appendicibus
625 2575 768 2627 paucis
795 2574 941 2615 lineari
973 2585 1022 2614 us
1052 2576 1148 2625 post
1181 2571 1373 2613 anthesin
1403 2575 1446 2612 et
1471 2571 1513 2611 in
1542 2570 1708 2610 urceolo
1734 2572 1869 2609 matu-

297 2631 488 2669 rescente
513 2628 678 2676 erectis,
708 2627 862 2668 corolla
888 2625 1043 2679 pallide
1068 2627 1203 2673 rosea,
1233 2624 1353 2676 stylis
1384 2624 1426 2664 in
1453 2622 1681 2674 capitulum
1710 2626 1868 2662 tomen-

298 2685 436 2721 tosum
468 2680 664 2728 redactis,
699 2679 865 2720 urceolo
888 2683 1056 2720 maturo
1082 2677 1372 2730 magnitudine
1401 2676 1532 2718 cerasi
1562 2676 1715 2716 avium.
1737 2697 1789 2702 —
1807 2673 1865 2715 R.

304 2732 697 2837 Οαῑιᾷὂέὶὶἕαςῦξίιιῐθι·
727 2735 763 2786 β.
798 2731 978 2773 Thur-eti
1003 2731 1166 2772 Burnat
1197 2734 1241 2771 et
1274 2729 1433 2770 Gremli
1464 2728 1564 2769 Ros.
1596 2727 1690 2780 Alp.
1723 2726 1865 2767 Marit.

357 2854 451 2889 Hab.
470 2855 507 2888 in
526 2855 673 2898 regione
693 2854 886 2898 subalpina
907 2859 942 2888 et
965 2854 1091 2897 alpina
1110 2853 1283 2887 montium
1304 2851 1459 2886 Veluchi
1484 2852 1698 2885 4500-6000‘
1726 2848 1867 2891 ffleldr.

311 2901 392 2945 734)
415 2906 451 2936 et
469 2902 640 2936 Parnassi
658 2901 807 2936 Graeciae
823 2900 959 2936 ‹Guicc
977 2902 1012 2935 in
1033 2900 1134 2935 herb.
1155 2899 1302 2943 Cesati),
1322 2898 1513 2933 Hermonis
1534 2898 1646 2942 Syriae
1668 2896 1749 2941 (Ky.
1771 2897 1866 2937 926»,

313 2949 393 2984 Giss
417 2948 450 2983 el
470 2948 586 2992 Hajar
616 2948 788 2991 (Ehrenb.
815 2951 880 2982 321
908 2949 943 2982 in
971 2947 1073 2982 herb.
1100 2947 1237 2991 Berol.)
1265 2953 1300 2980 et
1328 2946 1373 2980 ad
1402 2945 1580 2980 Bscherre
1608 2949 1644 2978 et
1675 2943 1867 2978 Cedretum

311 2995 441 3030 Libani
461 2995 631 3039 frequens
653 2995 734 3040 (Ky.
756 2995 849 3038 313).
