2115 3250
220 229 362 264 Linum.
990 237 1117 261 nume.
1826 226 1894 261 1:39

220 303 290 336 Pag.

338 354 481 389 ditionis
501 354 705 389 Bachtiaris
731 354 865 387 Persiae
895 353 1110 395 (Haussk.!).
1133 352 1224 386 Dele
1246 362 1288 386 ex
1310 352 1537 386 habitatione
1557 353 1753 395 specimina
1773 362 1791 386 e
1810 353 1891 387 Cili-

337 402 391 436 cia
418 406 453 435 et
479 401 582 446 Syria
608 411 722 444 prope
748 401 865 444 Surug
889 399 936 434 ad
957 410 1108 443 sequens
1129 398 1173 433 L.
1203 399 1352 433 Reuterz'
1371 400 1586 442 spectantia.

221 538 311 583 861,
342 538 437 587 post
457 535 513 575 L.
536 535 739 574 humile
759 534 896 575 insere
919 546 927 574 ε

214 2451 305 2497 861,

378 622 433 660 L.
460 621 792 661 decumbens
813 619 948 671 (Desf.
970 619 1055 660 Atl.
1078 618 1112 667 I,
1135 631 1175 670 p.
1199 621 1290 666 278,
1315 622 1346 658 t.
1371 617 1438 667 79)
1460 630 1645 658 annuum
1664 618 1728 658 vel
1748 630 1894 669 peren-

325 685 442 721 nans,
472 672 659 714 caulibus
685 685 708 713 e
734 672 836 713 collo
867 672 1056 724 pluribus
1086 684 1110 711 a
1143 671 1231 712 basi
1262 670 1539 711 decumbente
1571 670 1894 711 ascendentibus

324 726 389 766 vel
417 725 565 766 erectis
594 725 849 777 simplicibus
880 725 943 765 vel
972 736 1137 765 sursum
1167 723 1384 764 ramulosis
1412 723 1558 764 crebre
1586 723 1755 771 foliosis,
1788 722 1895 764 foliis

323 778 586 819 inferioribus
606 777 978 819 lineari-subulatis
998 777 1088 817 uni-
1107 776 1171 817 vel
1192 776 1401 817 trinerviis
1428 776 1711 827 superioribus
1731 776 1895 816 lanceo-

323 830 632 872 lato-subulatis
647 830 721 870 tri·
732 831 795 871 vel
808 830 1144 882 quinquenerviis
1159 829 1349 880 margine
1363 829 1524 869 minute
1539 828 1741 880 asperulis
1759 829 1895 869 acutis

322 884 486 929 erectis,
508 883 680 924 fioribus
698 884 841 935 paucis
863 895 911 924 ex
932 882 1064 923 axillis
1084 882 1289 934 supremis
1309 881 1374 922 vel
1401 881 1655 933 corymbosis
1682 880 1895 933 peduncu-

323 937 371 976 lis
392 936 531 988 calyce
550 935 674 988 duplo
693 936 950 987 longioribus
970 935 1262 987 subangulatis
1278 933 1504 975 fructiferis
1525 934 1675 974 erectis
1695 933 1893 982 suffultis,

323 989 473 1040 sepalis
493 989 579 1029 late
599 988 730 1029 ovatis
750 988 939 1040 margine
958 988 1149 1029 scariosis
1178 1000 1201 1028 a
1232 988 1337 1028 icem
1358 998 1501 1027 versus
1529 987 1678 1027 ciliatis
1705 998 1776 1027 cus
1808 986 1895 1027 ida-

324 1041 377 1082 tis
407 1041 600 1082 elevatim
633 1041 857 1088 trinerviis‚
891 1041 1042 1093 petalis
1074 1051 1209 1081 roseo·
1227 1040 1387 1080 ilacinis
1416 1040 1569 1080 retusis
1598 1039 1738 1091 calyce
1798 1039 1897 1091 uplo

323 1094 592 1146 longioribus,
617 1094 787 1146 capsula
813 1093 985 1146 globosa
1011 1094 1260 1134 mucronata
1286 1094 1426 1133 erecta
1452 1092 1515 1133 cal
1547 1103 1593 1132 ce
1624 1092 1897 1133 subbreviore

323 1147 452 1198 septis
472 1147 662 1197 margine
682 1147 846 1198 integro
867 1146 1024 1198 glabris
1046 1149 1093 1195 Θ
1115 1146 1181 1186 vel
1207 1149 1265 1192 Ql.
1286 1145 1420 1186 Rchb.
1440 1144 1482 1185 fl.
1547 1157 1649 1185 erm.
1672 1145 1744 1194 VI,
1766 1157 1808 1197 p.
1828 1148 1894 1193 64,

324 1203 356 1239 t.
380 1202 469 1240 332.
492 1223 544 1227 —
564 1199 617 1240 L.
640 1199 820 1240 rubrum
846 1198 984 1240 Rafin.
1006 1198 1140 1239 Nuov.
1165 1198 1271 1240 Gen.
1296 1197 1417 1250 Spec.
1442 1197 1554 1238 Sicil.
1577 1210 1618 1250 p.
1643 1201 1707 1239 74.

380 1271 472 1305 Hab.
490 1271 526 1305 in
543 1271 661 1305 insula
682 1271 892 1314 Karpathos
910 1281 1025 1314 prope
1044 1270 1199 1304 Menites
1218 1269 1348 1312 (Pichl.
1372 1271 1437 1303 145
1452 1269 1487 1313 !).

382 1334 509 1369 Caules
541 1334 779 1378 semipedales
807 1334 863 1368 vel
896 1333 1046 1377 pedales
1077 1343 1171 1367 nunc
1204 1332 1341 1367 debiles
1377 1332 1558 1375 simplices
1596 1332 1773 1375 prostrati
1801 1343 1895 1366 nunc

335 1381 684 1462 gggcltxivglolrtyimbose
705 1381 848 1425 ramosi,
874 1380 963 1415 folia
986 1383 1046 1414 4-7
1070 1381 1133 1414 lin.
1161 1380 1270 1424 longa
1305 1380 1378 1421 'fil-1
1410 1380 1470 1413 lin.
1496 1380 1583 1422 lata,
1607 1380 1769 1423 margine
1798 1389 1895 1422 saepe

379 1491 447 1526 Ar.
470 1491 611 1534 Geogr.
631 1493 740 1527 Italia
757 1493 940 1536 australis,
962 1492 1093 1535 Sicilia,
1115 1492 1276 1535 Algeria,
1296 1501 1444 1534 regnum
1466 1490 1704 1525 Tunetanum.

375 1625 430 1664 L.
456 1624 677 1664 Reuteri
697 1624 849 1673 (Boiss.
867 1627 909 1664 et
929 1622 1133 1675 Haussk.)
1150 1634 1333 1663 annuum
1347 1622 1411 1662 vel
1430 1633 1680 1674 perennans,
1704 1621 1892 1661 caulibus

322 1689 344 1717 e
365 1676 467 1717 collo
487 1676 677 1728 pluribus
702 1676 927 1717 humilibus
953 1676 1103 1717 erectis
1133 1675 1197 1716 vel
1225 1675 1546 1716 ascendentibus
1580 1674 1706 1715 dense
1738 1673 1893 1714 foliosis

321 1729 578 1781 simplicibus
611 1730 675 1770 vel
703 1730 820 1781 apice
850 1741 975 1781 parce
1006 1728 1241 1777 ramulosis,
1278 1728 1385 1769 foliis
1420 1727 1640 1768 latiuscule
1666 1727 1892 1767 linearibus

322 1783 569 1823 acuminatis
589 1783 798 1823 trinerviis
825 1782 981 1823 strictis
1009 1781 1220 1830 brevibus,
1251 1780 1422 1822 floribus
1452 1793 1500 1821 ex
1530 1781 1661 1821 axillis
1688 1780 1892 1832 supremis

321 1835 462 1886 paucis
489 1835 733 1887 pedunculis
768 1835 909 1888 calyce
939 1834 1196 1887 longioribus
1228 1833 1424 1882 suffultis,
1460 1834 1612 1886 sepalis
1641 1833 1728 1873 late
1759 1833 1893 1874 ovatis

322 1888 516 1928 elevatim
539 1888 760 1934 trinerviis,
789 1888 939 1940 petalis
962 1887 1293 1928 roseo-violaceis
1314 1887 1455 1939 calyce
1475 1886 1599 1938 triplo
1620 1886 1890 1938 longioribus,

322 1941 491 1992 capsula
517 1942 658 1982 erecta
682 1942 838 1992 magna
865 1941 1037 1992 globosa
1066 1940 1206 1992 calyce
1236 1941 1303 1981 vix
1333 1940 1520 1992 longiore
1548 1939 1676 1980 valvis
1708 1939 1895 1980 breviter

321 1994 569 2034 acuminatis
590 1994 718 2045 septis
743 1995 933 2046 margine
952 1994 1117 2045 integro
1138 1993 1293 2045 glabris
1322 1997 1379 2040 Ql.

378 2063 472 2097 Hab.
492 2064 526 2097 in
549 2064 673 2099 Cilicia
693 2075 808 2108 prope
828 2065 991 2099 Mercina
1013 2064 1188 2108 (Cadeti),
1211 2065 1247 2098 in
1268 2064 1364 2108 agris
1389 2063 1571 2108 argillosis
1600 2064 1711 2108 Syriae
1733 2063 1893 2097 borealis

335 2120 449 2154 prope
470 2112 587 2155 Surug
606 2111 823 2150 (Haussk.!).

380 2174 517 2209 Differe
537 2175 680 2209 videtur
701 2186 722 2210 a
742 2176 785 2210 L.
806 2176 1039 2210 usitatissimo
1069 2175 1233 2210 caulibus
1258 2176 1317 2209 vix
1344 2175 1636 2219 semipedalibus,
1657 2174 1754 2210 foliis
1778 2175 1892 2209 multo

334 2221 571 2265 brevioribus,
604 2222 871 2257 infloreseentia
899 2222 1065 2257 1-3-flora
1096 2233 1162 2257 nec
1186 2222 1396 2267 corymbose
1418 2222 1627 2266 multiflora,
1657 2233 1678 2257 a
1697 2223 1740 2257 L.
1766 2223 1897 2256 humili

334 2270 475 2302 statura
509 2270 622 2313 magis
655 2270 803 2313 pumila,
833 2271 945 2313 septis
974 2270 1133 2313 capsulae
1166 2271 1328 2314 margine
1356 2281 1427 2304 non
1460 2270 1603 2304 ciliatis.
1637 2270 1689 2304 Cl.
1721 2275 1756 2304 et
1789 2270 1893 2304 amic.

333 2315 470 2350 Reuter
490 2317 550 2359 qui
570 2321 676 2351 notas
695 2316 956 2351 differentiales
974 2318 1120 2361 agnovit
1135 2317 1305 2351 dicatum.

343 2449 398 2489 L.
422 2450 849 2500 anqustifolium,
874 2449 982 2490 adde
1005 2463 1012 2490 :

379 2531 473 2565 Hab.
493 2532 529 2565 in
554 2537 676 2566 monte
695 2533 826 2567 Lastos
845 2533 971 2567 insulae
993 2532 1203 2575 Karpathos
1226 2533 1353 2569 (Pichl.
1376 2534 1486 2576 1442),
1507 2534 1543 2567 in
1565 2534 1685 2568 arenis
1704 2534 1893 2568 maritimis

332 2578 715 2670 {ggifflgfizzggsskpssope
738 2579 788 2615 Of
812 2579 949 2623 (Bal.!),
976 2579 1214 2614 Kurdistania
1241 2581 1386 2615 Persica
1414 2581 1448 2614 in
1477 2581 1629 2624 planitie
1655 2580 1893 2615 Scheherisur

216 2758 307 2803 862,
342 2756 398 2795 L.
419 2766 729 2805 nervosum,
754 2759 791 2811 β.
816 2756 1021 2807 Aucheri,
1044 2756 1152 2798 adde
1176 2770 1183 2797 :

380 2842 471 2878 Hab.
488 2843 523 2876 in
539 2843 692 2878 collibus
711 2844 856 2878 incultis
875 2843 921 2878 ad
942 2844 1165 2879 Khabackar
1185 2844 1291 2878 Ponti
1311 2845 1432 2879 Lazici
1454 2846 1556 2879 5400‘
1575 2844 1668 2888 (Bal.
1682 2845 1715 2887 !).

216 2973 306 3019 864,
341 2971 398 3011 1...
419 2971 785 3022 Austriacum‚
806 2990 843 3027 γ.
865 2973 1198 3026 squamulosum,
1221 2974 1329 3015 adde
1352 2987 1360 3014 :

379 3056 472 3090 Hab.
495 3057 530 3091 in
556 3059 769 3102 graminosis
789 3060 919 3094 montis
940 3060 1078 3094 Sawers
1102 3060 1234 3094 Persiae
1256 3060 1492 3094 occidentalis
1509 3062 1651 3094 7-8000'
1673 3059 1890 3104 (Haussk.!).
