2094 3351
230 244 278 280 90
987 254 1160 278 ,utensi-3.
1579 242 1607 277 A
1614 241 1906 288 canthophyllum.

230 326 252 352 P
294 345 301 352 .

231 333 322 427 5682,
352 378 410 418 A.
435 377 802 429 caespitosum‚
824 376 934 418 adde
955 389 964 417 :

394 449 487 484 Hah.
507 450 544 484 in
564 449 749 484 schistosis
769 449 900 483 montis
921 450 1105 482 Avroman
1125 447 1373 483 Kurdistaniae
1396 448 1552 483 Persicae
1572 449 1675 482 5000'
1698 452 1734 482 et
1758 447 1795 482 in
1826 456 1904 482 are·

348 497 444 532 nosis
464 496 510 532 ad
532 496 672 531 radices
692 496 822 530 montis
842 496 926 530 Kuh
946 496 1070 531 Sawus
1089 495 1223 530 Persiae
1243 494 1497 530 austro-occid.
1517 496 1621 529 7000‘
1641 494 1857 537 (Haussk.l).

229 627 320 674 563,
351 626 410 666 A.
433 626 792 673 bracteatum,
816 623 953 665 adde:

393 711 487 746 Hab.
508 713 543 746 in
560 711 743 746 montibus
771 710 936 746 Eschker
961 716 997 746 et
1019 710 1098 745 Nur
1126 711 1260 745 Persiae
1288 709 1523 745 occidentalis
1551 710 1665 753 7000',
1692 709 1753 744 ubi
1779 707 1905 742 dumos

346 759 441 793 latos
461 759 596 793 format
617 759 788 802 (Haussk.
803 758 838 801 l).

392 822 522 857 Petala
541 821 627 856 alba
646 822 744 856 striis
764 821 948 856 brunneis.

229 956 319 1002 564,
352 958 451 994 ante
471 954 529 993 A.
553 952 923 993 crassifolium
943 952 1080 993 insere
1101 963 1111 992 :

387 1038 446 1078 A.
471 1038 777 1078 Kurdicum
797 1037 948 1088 (Boiss.
971 1040 1014 1078 et
1042 1035 1246 1086 Haussk.)
1278 1035 1354 1077 sub
1382 1035 1495 1076 lente
1513 1035 1675 1076 minute
1693 1034 1905 1087 papillari-

330 1090 577 1143 pubescens,
599 1090 728 1131 ramis
749 1090 958 1131 fruticosis
980 1088 1352 1142 procumbentibus
1368 1088 1553 1129 ramulos
1578 1086 1781 1129 floriferos
1807 1099 1905 1129 caes-

360 1144 488 1184 itosos
506 1143 655 1184 breves
676 1147 837 1184 erectos
854 1143 1008 1183 iterum
1027 1142 1212 1183 breviter
1230 1141 1461 1182 ramulosos
1481 1140 1646 1181 foliosos
1666 1139 1904 1190 edentibus,

349 1196 439 1237 oliis
453 1195 649 1237 brevibus
671 1196 866 1237 tenuibus
887 1196 1067 1237 acerosis
1087 1195 1256 1288 patulis,
1279 1194 1450 1235 floribus
1472 1197 1539 1235 5-6
1554 1194 1596 1234 in
1611 1193 1797 1245 capitula
1809 1192 1906 1234 sub-

333 1249 494 1290 sessilia
526 1249 715 1290 axillaiia
745 1252 788 1290 et
819 1248 1058 1290 terminalia
1106 1247 1210 1288 acile
1237 1246 1414 1288 decidua
1439 1246 1647 1298 congestis
1674 1246 1902 1295 sessilibus‚

331 1302 514 1343 bracteis
534 1314 559 1342 a
577 1302 669 1342 basi
699 1302 847 1343 latiore
866 1301 1130 1342 subconcava
1149 1300 1355 1341 subulatis
1376 1300 1555 1340 acerosis
1579 1299 1720 1351 calyce
1739 1298 1905 1340 sublon-

331 1355 532 1407 gioribus,
561 1354 712 1407 calycis
733 1354 901 1406 oblongi
924 1354 1131 1395 turbinati
1156 1353 1330 1394 velutini
1351 1352 1546 1393 dentibus
1573 1351 1904 1393 membranaceis

329 1408 463 1449 ovatis
482 1407 593 1448 infra
609 1407 770 1459 apicem
790 1406 1159 1448 membranaceum
1176 1417 1302 1446 nervo
1317 1408 1565 1446 excurrente
1579 1404 1758 1446 acerosis
1779 1404 1905 1445 alter-

330 1461 461 1501 natim
491 1460 847 1509 subbrevioribus,
878 1459 1116 1512 petalorum
1140 1458 1352 1511 unguibus
1382 1458 1691 1510 filamentisque
1712 1457 1902 1506 exsertis,

329 1513 486 1554 lamina
505 1513 603 1554 alba
622 1512 1067 1565 oblongo-spathulata
1092 1516 1130 1559 91
1142 1544 1151 1552 .

388 1585 482 1619 Hab.
502 1586 539 1619 in
555 1585 741 1619 schistosis
761 1584 1009 1619 Kurdistaniae
1029 1585 1185 1619 Persicae
1202 1594 1318 1628 prope
1335 1583 1447 1618 Sihua
1461 1588 1497 1617 et
1514 1582 1691 1626 Awiheng
1707 1583 1850 1617 6-7000¹
1867 1586 1903 1616 et

343 1633 379 1666 in
395 1637 517 1667 monte
535 1633 683 1666 Parrow
703 1642 815 1676 supra
835 1631 1111 1667 Kermanschah
1130 1631 1267 1668 Persiae,
1284 1630 1520 1666 occidentalis
1539 1631 1642 1664 9000‘
1662 1628 1878 1673 (Haussk.!).

388 1696 534 1730 Ramuli
554 1695 704 1730 floriferi
724 1695 1009 1739 4-6-pollicares,
1030 1694 1120 1729 folia
1144 1696 1206 1729 4-6
1226 1694 1341 1729 lineas
1360 1694 1470 1738 longa
1490 1693 1611 1728 axillis
1630 1692 1812 1727 interdum
1831 1691 1902 1727 fas-

342 1742 554 1787 ciculiferis,
594 1743 801 1777 internodia
837 1742 934 1777 foliis
977 1753 1074 1786 saepe
1116 1741 1303 1786 breviora,
1344 1741 1507 1785 capitula
1538 1739 1787 1784 magnitudine
1822 1740 1902 1783 pisi,

341 1790 447 1835 calyx
471 1793 486 1824 1
510 1791 544 1832 'l4
567 1790 699 1824 lineam
718 1790 859 1834 longus.
879 1790 1008 1824 Facies
1026 1795 1062 1824 et
1082 1789 1244 1833 capitula
1263 1789 1401 1823 minuta
1417 1789 1462 1823 A.
1482 1787 1730 1831 mic-rocephali
1742 1792 1778 1822 et
1794 1787 1902 1821 Tour-

340 1838 500 1881 nefortiz',
531 1837 595 1872 sed
627 1837 716 1871 folia
739 1847 890 1872 acerosa
915 1837 1150 1880 persistentia
1176 1838 1221 1871 A.
1248 1836 1441 1879 crassifolii
1465 1846 1486 1870 a
1514 1845 1584 1879 quo
1610 1834 1707 1870 foliis
1733 1833 1902 1869 tenuibus

341 1885 547 1929 petalisque
564 1885 714 1929 integris
734 1895 800 1919 nec
820 1885 953 1919 retusis
970 1884 1137 1928 specifice
1155 1883 1301 1918 differre
1321 1882 1475 1918 videtur.

222 2020 313 2066 564,
344 2018 403 2058 A.
426 2016 810 2066 crassifolium‚
832 2016 942 2058 adde
964 2029 972 2058 :

341 2105 501 2195 (HHab.k
520 2106 556 2194 i'1)1
594 2104 776 2141 montibus
809 2105 894 2139 Kuh
931 2104 1113 2150 Kilouyeh
1146 2105 1282 2139 Persiae
1320 2103 1555 2139 occidentalis
1597 2104 1723 2137 10000'
1756 2102 1901 2146 copiose

393 2163 475 2187 auss
506 2180 533 2186 ..
554 2180 562 2186 .

221 2290 312 2336 565,
343 2287 399 2326 A.
420 2287 748 2336 Fontanesii‚
772 2286 881 2328 adde
903 2299 912 2327 :

385 2374 479 2408 Hab.
498 2375 534 2408 in
553 2379 676 2409 monte
696 2374 781 2408 Kuh
802 2374 881 2408 Nur
894 2374 1028 2409 Persiae
1046 2373 1159 2408 occid.
1173 2374 1276 2408 9000‘
1293 2372 1510 2417 (Haussk.!).

219 2509 310 2554 577,
343 2505 521 2545 Silene
544 2505 890 2556 ammophila,
913 2503 1022 2546 adde
1045 2517 1053 2545 :

384 2594 494 2628 Teste
513 2594 556 2628 cl.
579 2593 775 2628 Rohrbach
795 2594 897 2629 nervi
917 2594 1071 2639 calycini
1089 2593 1378 2629 commissurales
1394 2593 1431 2628 in
1447 2592 1517 2627 hac
1535 2593 1655 2637 specie
1671 2601 1743 2627 non
1755 2591 1900 2637 adsunt,

336 2651 459 2676 eorum
482 2641 697 2685 quindecim,
717 2646 793 2676 tres
810 2642 846 2675 in
864 2651 1082 2694 unoquoque
1102 2641 1221 2685 dente,
1242 2640 1406 2676 observo.

218 2778 310 2823 579,
345 2774 401 2815 S.
421 2774 452 2814 J
457 2773 721 2823 uvenalis‚
745 2772 854 2814 adde
875 2785 884 2814 ε

381 2860 475 2895 Hab.
497 2860 544 2895 ad
566 2871 719 2905 aggeres
740 2860 947 2895 fodinarum
967 2860 1004 2894 in
1030 2860 1184 2894 circuitu
1209 2860 1369 2895 Laurion
1390 2860 1523 2895 Atticae
1543 2859 1687 2904 copiose
1712 2857 1897 2903 (Heldr.!).

216 2995 308 3040 580,
344 2992 397 3032 S.
421 2992 694 3041 conoidea,
718 2991 827 3033 adde
849 3004 858 3032 ε

381 3062 474 3098 Hab.
493 3064 528 3098 in
548 3063 654 3099 cultis
675 3064 829 3109 AEgypti
845 3062 1028 3099 inferioris
1049 3063 1095 3098 ad
1116 3063 1233 3098 Ouadi
1254 3063 1415 3098 Tumilat
1436 3062 1686 3107 (Schweinf.!).
