2115 3250
225 223 361 260 Sedum.
920 235 1195 261 cmssumcrm.
1823 227 1889 263 247

225 303 247 329 Ρ
288 323 295 330 .

226 311 315 403 7980,
347 359 443 406 post
463 355 513 394 S.
536 354 796 405 pallidum
815 354 951 395 insere
973 367 982 394 ε

386 443 436 482 S.
473 445 831 482 tetramerum
864 441 1055 491 (Trautv.
1095 441 1188 482 Act.
1230 441 1353 482 Hort.
1393 441 1560 494 Petrop.
1591 441 1684 490 VII,
1718 455 1759 495 p.
1793 444 1890 496 454)

330 506 512 535 annuum
538 505 692 534 nanum
719 493 924 545 glabrum,
961 494 1079 534 caule
1111 501 1250 534 erecto
1287 494 1543 545 subsimplici
1573 507 1598 534 a
1624 495 1715 535 basi
1747 494 1890 537 foliato

329 550 372 586 et
395 546 590 594 florifero,
618 545 724 587 foliis
753 547 907 598 sparsis
932 546 1238 587 remotiusculis
1263 546 1571 588 semiteretibus
1598 559 1622 587 a
1649 547 1740 588 basi
1767 550 1891 589 ovata

328 599 464 640 soluta
482 599 687 639 subulatis
707 598 1016 647 obtusiusculis,
1038 598 1208 639 floribus
1235 610 1352 639 secus
1382 599 1541 639 caulem
1569 599 1890 642 subaxillaribus

327 651 616 692 subsessilibus
637 650 734 692 folia
752 651 996 703 plerumque
1015 651 1324 703 superantibus.
1342 651 1492 704 calycis
1512 652 1671 692 laciniis
1687 656 1713 692 4
1727 652 1892 693 lineari-

327 704 531 744 subulatis
558 703 852 744 obtusiusculis
883 704 1047 751 erectis,
1117 704 1236 744 etalis
1271 708 1297 744 4
1325 703 1474 745 albidis
1506 704 1891 746 ovato-lanceolatis

326 757 507 797 breviter
525 756 1012 808 cuspidato-acuminatis
1032 767 1080 797 ca
1098 768 1172 808 yce
1186 756 1460 804 brevioribus,
1479 757 1728 797 staminibus
1742 761 1767 797 4
1781 769 1891 798 erec-

326 809 380 849 tis
400 809 540 861 calyce
555 808 692 860 paullo
708 808 981 858 brevioribus,
999 809 1189 861 carpellis
1204 809 1614 850 lineari-lanceolatis
1635 813 1754 850 extus
1775 821 1892 862 aspe-

327 861 649 913 rulo-punctatis
668 862 816 902 erectis
837 861 1234 902 subconniventibus
1256 864 1319 910 Θ.

384 932 478 966 Hab.
498 942 612 976 prope
631 932 734 966 Baku
755 932 923 976 (Becker)
946 932 1040 976 (Non
1064 932 1164 974 vidi).

383 995 452 1029 Vix
469 995 694 1038 bipollicare,
712 994 801 1029 folia
818 997 837 1029 3
855 995 970 1029 lineas
992 995 1100 1039 longa
1119 995 1198 1029 basi
1218 995 1502 1038 appendiculata
1528 994 1678 1030 floribus
1704 995 1892 1040 adpressa,

340 1042 472 1086 calycis
492 1041 671 1076 fructiferi
693 1042 834 1076 laciniae
854 1041 930 1076 fere
948 1044 967 1076 3
988 1042 1102 1076 lineas
1123 1042 1253 1086 longae,
1274 1042 1398 1085 petala
1423 1043 1555 1077 lineam
1574 1043 1693 1086 longa.
1713 1043 1891 1078 Fructife-

337 1100 415 1123 rum
431 1094 571 1123 tantum
590 1095 626 1123 et
639 1088 851 1132 imperfecte
872 1094 1005 1123 notum.
1024 1088 1197 1123 Affinitas
1216 1089 1337 1123 dubia.

219 1224 309 1269 794,
345 1221 398 1261 S.
419 1222 639 1268 rubens,
663 1220 772 1262 adde
794 1233 802 1261 :

382 1307 474 1342 Hab.
493 1319 635 1352 quoque
654 1309 690 1342 in
710 1309 822 1343 vineis
842 1309 950 1353 Cypri
968 1308 1015 1342 ad
1035 1308 1234 1343 Prodromo
1254 1308 1356 1352 (Sint.
1377 1313 1412 1343 et
1428 1309 1564 1353 Rigol).

218 1441 308 1487 794,
344 1439 396 1479 S.
420 1438 786 1489 caespitosum,
808 1437 917 1479 adde
941 1450 949 1478 :

381 1523 475 1558 Hab.
494 1535 637 1568 quoque
654 1523 690 1558 in
709 1528 830 1558 monte
848 1523 1129 1568 Pentadactylos
1152 1524 1260 1569 Cypri
1279 1523 1382 1567 (Sint.
1402 1529 1438 1559 et
1455 1524 1547 1568 Rigo
1559 1525 1594 1568 !).

218 1659 308 1704 795,
339 1655 602 1695 Telmissa
622 1655 978 1706 microcarpa,
1003 1654 1111 1696 adde
1134 1668 1141 1695 :

380 1744 472 1779 Hab.
493 1744 526 1778 in
546 1743 696 1787 rupibus
715 1744 846 1778 montis
866 1743 1148 1789 Pentadactylos
1169 1744 1277 1789 Cypri
1302 1743 1404 1788 (Sint.
1425 1749 1461 1778 et
1484 1743 1621 1788 Rig0!)‚
1638 1745 1673 1778 in
1694 1744 1890 1778 Palaestina

334 1791 380 1826 ad
397 1791 613 1826 Bethaniam
633 1791 789 1835 (Barbey
801 1791 836 1834 !).

216 1931 306 1976 797,
337 1931 433 1980 post
453 1927 868 1978 sempervivum
889 1927 1213 1978 qlobiierum
1236 1927 1397 1968 insere:

376 2015 428 2055 S.
463 2015 835 2055 acuminatum
868 2014 1091 2065 (Decaisne
1121 2014 1163 2054 in
1195 2013 1413 2066 Jacquem.
1446 2013 1548 2065 Voy.
1577 2013 1673 2054 Bot.
1703 2013 1790 2054 tab.
1821 2014 1889 2064 74)

318 2066 548 2108 rhizomate
573 2067 862 2115 crassiusculo,
890 2066 997 2107 foliis
1026 2067 1221 2107 rosulatis
1258 2067 1414 2118 glabris
1447 2066 1889 2107 obovato—lanceolatis

318 2120 381 2160 vel
402 2119 644 2160 lanceolatis
664 2119 787 2171 longe
807 2119 1070 2167 acuminatis,
1094 2119 1282 2160 caulibus
1302 2119 1494 2160 floriferis
1523 2118 1748 2160 humilibus
1780 2117 1889 2159 foliis

318 2172 547 2213 minoribus
568 2172 991 2224 oblongo-linearibus
1006 2172 1139 2213 acutis
1159 2171 1386 2213 laxiuscule
1406 2172 1551 2213 obsitis
1573 2171 1745 2224 glabris,
1769 2173 1892 2223 cyma

318 2224 546 2277 pauciflora
559 2225 801 2273 laxiuscula,
815 2224 985 2265 fioribus
998 2223 1246 2273 hexameris‚
1262 2225 1413 2276 petalis
1430 2224 1629 2265 stellatirn
1645 2224 1888 2276 patentibus

319 2278 475 2329 glabris
514 2278 654 2330 calyce
692 2277 838 2330 glabro
881 2277 1006 2329 triplo
1046 2277 1302 2329 longioribus
1338 2277 1582 2318 lanceolatis
1621 2276 1889 2318 acutiusculis

320 2331 447 2371 roseis
485 2342 610 2371 nervo
646 2330 783 2372 medio
820 2330 1061 2379 intensiore,
1095 2330 1279 2382 squamis
1310 2330 1542 2382 hypogynis
1579 2330 1718 2382 parvis
1756 2330 1890 2371 ovatis

319 2383 525 2424 truncatis
553 2387 611 2430 Ql.

377 2454 471 2489 Hab.
492 2455 649 2545 copiose)
662 2455 698 2488 in
725 2453 899 2498 lapidosis
924 2454 1098 2490 montium
1125 2454 1290 2490 Sikaram
1318 2458 1354 2489 et
1380 2454 1571 2498 Seratigah
1598 2453 1803 2498 Affghaniae
1832 2455 1890 2487 10-

335 2503 460 2536 12000'
480 2502 634 2545 (Aitch.!
655 2528 662 2535 .

378 2566 482 2600 Folia
501 2566 642 2610 majora
661 2565 904 2609 bipollicaria‚
926 2565 1048 2600 caules
1074 2564 1226 2600 floriferi
1252 2565 1536 2609 3-6-pollicares‚
1563 2564 1670 2600 flores
1697 2564 1801 2609 parvi
1830 2565 1889 2598 vix

331 2615 351 2646 2
368 2612 402 2652 ¹l2
426 2613 541 2647 lineas
562 2613 659 2657 longi
680 2613 730 2647 eis
750 2612 787 2648 S.
803 2612 1035 2647 arachnoidei
1053 2613 1220 2647 minores.
1240 2613 1385 2656 Species
1411 2612 1558 2656 insignis
1587 2612 1632 2646 ob
1654 2611 1779 2655 petala
1805 2611 1889 2646 stel-

328 2660 431 2694 latim
451 2670 613 2703 expansa
632 2660 782 2694 sectioni
807 2659 1086 2703 Eusempervivo
1114 2659 1396 2703 adnumeranda,
1426 2659 1489 2694 sed
1521 2659 1654 2702 petalis
1683 2659 1888 2693 hexameris

333 2716 399 2741 nec
420 2706 668 2741 dodecameris
689 2716 710 2741 a
731 2707 871 2741 caeteris
891 2706 1080 2750 speciebus
1100 2706 1280 2742 distincta.

213 2841 304 2887 797,
340 2838 393 2879 S.
416 2842 611 2889 patens
630 2850 647 2879 :-

375 2925 456 2960 Huc
490 2936 534 2960 ex
566 2925 807 2970 descriptione
839 2925 1091 2960 adducendum
1128 2925 1163 2961 S.
1196 2926 1346 2971 Reyinae
1376 2926 1532 2960 Amaliae
1569 2925 1690 2960 Baker
1729 2924 1885 2959 Garden.

332 2973 464 3008 Chron.
484 2974 584 3016 1877,
604 2983 638 3016 p.
664 2974 743 3016 230,
773 2983 843 3007 non
871 2972 997 3007 Heldr.
1031 2978 1065 3007 et
1092 2974 1241 3008 Sartori.
1280 2973 1332 3008 Cl.
1366 2978 1492 3008 auctor
1520 2973 1589 3006 hoc
1613 2977 1713 3006 recte
1739 2971 1889 3006 sectioni
