<?xml version="1.0" encoding="UTF-8"?>
<!DOCTYPE html PUBLIC "-//W3C//DTD XHTML 1.0 Transitional//EN"
    "http://www.w3.org/TR/xhtml1/DTD/xhtml1-transitional.dtd">
<html xmlns="http://www.w3.org/1999/xhtml" xml:lang="en" lang="en">
 <head>
  <title>
</title>
<meta http-equiv="Content-Type" content="text/html;charset=utf-8" />
  <meta name='ocr-system' content='tesseract 3.04.00' />
  <meta name='ocr-capabilities' content='ocr_page ocr_carea ocr_par ocr_line ocrx_word'/>
</head>
<body>
  <div class='ocr_page' id='page_1' title='image "./floraorientaliss00bois_0342.png"; bbox 0 0 2094 3351; ppageno 0'>
   <div class='ocr_carea' id='block_1_1' title="bbox 199 264 271 378">
    <p class='ocr_par' dir='ltr' id='par_1_1' title="bbox 199 264 271 378">
     <span class='ocr_line' id='line_1_1' title="bbox 202 264 271 301; baseline 0 0"><span class='ocrx_word' id='word_1_1' title='bbox 202 264 271 301; x_wconf 86' lang='lat'>300</span> 
     </span>
     <span class='ocr_line' id='line_1_2' title="bbox 199 345 268 378; baseline 0 -6"><span class='ocrx_word' id='word_1_2' title='bbox 199 345 268 378; x_wconf 68' lang='lat' dir='ltr'>rag.</span> 
     </span>
    </p>
   </div>
   <div class='ocr_carea' id='block_1_2' title="bbox 203 606 293 646">
    <p class='ocr_par' dir='ltr' id='par_1_2' title="bbox 203 606 293 646">
     <span class='ocr_line' id='line_1_3' title="bbox 203 606 293 646; baseline 0.011 -1"><span class='ocrx_word' id='word_1_3' title='bbox 203 606 293 646; x_wconf 76' lang='lat'>356,</span> 
     </span>
    </p>
   </div>
   <div class='ocr_carea' id='block_1_3' title="bbox 206 1473 295 1516">
    <p class='ocr_par' dir='ltr' id='par_1_3' title="bbox 206 1473 295 1516">
     <span class='ocr_line' id='line_1_4' title="bbox 206 1473 295 1516; baseline 0.022 -7"><span class='ocrx_word' id='word_1_4' title='bbox 206 1473 295 1516; x_wconf 73' lang='lat'>362,</span> 
     </span>
    </p>
   </div>
   <div class='ocr_carea' id='block_1_4' title="bbox 207 1670 296 1708">
    <p class='ocr_par' dir='ltr' id='par_1_4' title="bbox 207 1670 296 1708">
     <span class='ocr_line' id='line_1_5' title="bbox 207 1670 296 1708; baseline 0.011 -1"><span class='ocrx_word' id='word_1_5' title='bbox 207 1670 296 1708; x_wconf 82' lang='lat'>362.</span> 
     </span>
    </p>
   </div>
   <div class='ocr_carea' id='block_1_5' title="bbox 927 257 1865 303">
    <p class='ocr_par' dir='ltr' id='par_1_5' title="bbox 927 257 1865 303">
     <span class='ocr_line' id='line_1_6' title="bbox 927 257 1865 303; baseline -0.003 -8"><span class='ocrx_word' id='word_1_6' title='bbox 927 270 1144 296; x_wconf 71' lang='lat' dir='ltr'>COMPOSITAE.</span> <span class='ocrx_word' id='word_1_7' title='bbox 1636 257 1847 303; x_wconf 64' lang='lat' dir='ltr'>Pyreffirum</span> <span class='ocrx_word' id='word_1_8' title='bbox 1857 285 1865 292; x_wconf 86' lang='lat'><strong>.</strong></span> 
     </span>
    </p>
   </div>
   <div class='ocr_carea' id='block_1_6' title="bbox 320 391 1870 525">
    <p class='ocr_par' dir='ltr' id='par_1_6' title="bbox 320 391 1870 525">
     <span class='ocr_line' id='line_1_7' title="bbox 366 391 1870 439; baseline -0.003 -9"><span class='ocrx_word' id='word_1_9' title='bbox 366 397 521 431; x_wconf 82' lang='lat' dir='ltr'>Habitus</span> <span class='ocrx_word' id='word_1_10' title='bbox 544 397 690 430; x_wconf 86' lang='lat' dir='ltr'>strictus</span> <span class='ocrx_word' id='word_1_11' title='bbox 711 395 944 439; x_wconf 73' lang='lat' dir='ltr'>Erz&#39;yerontis</span> <span class='ocrx_word' id='word_1_12' title='bbox 968 394 1199 436; x_wconf 76' lang='lat' dir='ltr'>Canadensis,</span> <span class='ocrx_word' id='word_1_13' title='bbox 1221 392 1308 427; x_wconf 85' lang='lat' dir='ltr'>folia</span> <span class='ocrx_word' id='word_1_14' title='bbox 1327 394 1387 426; x_wconf 87' lang='lat'>2-4</span> <span class='ocrx_word' id='word_1_15' title='bbox 1407 392 1558 436; x_wconf 79' lang='lat' dir='ltr'>pollices</span> <span class='ocrx_word' id='word_1_16' title='bbox 1574 391 1683 435; x_wconf 82' lang='lat' dir='ltr'>longa</span> <span class='ocrx_word' id='word_1_17' title='bbox 1703 391 1870 435; x_wconf 88' lang='lat' dir='ltr'>pollicem</span> 
     </span>
     <span class='ocr_line' id='line_1_8' title="bbox 321 437 1870 487; baseline -0.004 -9"><span class='ocrx_word' id='word_1_18' title='bbox 321 445 406 487; x_wconf 83' lang='lat' dir='ltr'>lata,</span> <span class='ocrx_word' id='word_1_19' title='bbox 425 443 587 487; x_wconf 78' lang='lat' dir='ltr'>capitula</span> <span class='ocrx_word' id='word_1_20' title='bbox 610 446 625 477; x_wconf 95' lang='lat'>1</span> <span class='ocrx_word' id='word_1_21' title='bbox 646 443 720 482; x_wconf 65' lang='lat' dir='ltr'><em>&#39;s2-2</em></span> <span class='ocrx_word' id='word_1_22' title='bbox 739 443 852 476; x_wconf 83' lang='lat' dir='ltr'>lineas</span> <span class='ocrx_word' id='word_1_23' title='bbox 870 441 1046 475; x_wconf 83' lang='lat' dir='ltr'>diametro</span> <span class='ocrx_word' id='word_1_24' title='bbox 1066 441 1143 475; x_wconf 83' lang='lat' dir='ltr'>lata</span> <span class='ocrx_word' id='word_1_25' title='bbox 1161 441 1231 474; x_wconf 88' lang='lat' dir='ltr'>illis</span> <span class='ocrx_word' id='word_1_26' title='bbox 1253 440 1294 474; x_wconf 88' lang='lat' dir='ltr'>P.</span> <span class='ocrx_word' id='word_1_27' title='bbox 1312 439 1526 474; x_wconf 79' lang='lat' dir='ltr'>Athanasioe</span> <span class='ocrx_word' id='word_1_28' title='bbox 1541 439 1682 473; x_wconf 83' lang='lat' dir='ltr'>similia.</span> <span class='ocrx_word' id='word_1_29' title='bbox 1701 437 1870 472; x_wconf 82' lang='lat' dir='ltr'>Affinitas</span> 
     </span>
     <span class='ocr_line' id='line_1_9' title="bbox 320 491 576 525; baseline -0.008 0"><span class='ocrx_word' id='word_1_30' title='bbox 320 491 406 525; x_wconf 92' lang='lat' dir='ltr'>mihi</span> <span class='ocrx_word' id='word_1_31' title='bbox 426 492 576 524; x_wconf 85' lang='lat' dir='ltr'>incerta.</span> 
     </span>
    </p>
   </div>
   <div class='ocr_carea' id='block_1_7' title="bbox 325 601 1088 655">
    <p class='ocr_par' dir='ltr' id='par_1_7' title="bbox 325 601 1088 655">
     <span class='ocr_line' id='line_1_10' title="bbox 325 601 1088 655; baseline -0.005 -11"><span class='ocrx_word' id='word_1_32' title='bbox 325 607 420 655; x_wconf 87' lang='lat' dir='ltr'>post</span> <span class='ocrx_word' id='word_1_33' title='bbox 443 604 501 643; x_wconf 89' lang='lat' dir='ltr'>P.</span> <span class='ocrx_word' id='word_1_34' title='bbox 523 602 901 642; x_wconf 81' lang='lat' dir='ltr'>Tabrisianum</span> <span class='ocrx_word' id='word_1_35' title='bbox 922 601 1057 641; x_wconf 88' lang='lat' dir='ltr'>insere</span> <span class='ocrx_word' id='word_1_36' title='bbox 1080 613 1088 641; x_wconf 87' lang='lat'><strong>:</strong></span> 
     </span>
    </p>
   </div>
   <div class='ocr_carea' id='block_1_8' title="bbox 307 685 1876 1271">
    <p class='ocr_par' dir='ltr' id='par_1_8' title="bbox 307 685 1876 1162">
     <span class='ocr_line' id='line_1_11' title="bbox 363 685 1870 738; baseline -0.002 -9"><span class='ocrx_word' id='word_1_37' title='bbox 363 691 421 730; x_wconf 91' lang='lat' dir='ltr'>P.</span> <span class='ocrx_word' id='word_1_38' title='bbox 465 690 703 729; x_wconf 82' lang='lat' dir='ltr'>Fisherae</span> <span class='ocrx_word' id='word_1_39' title='bbox 748 687 910 738; x_wconf 85' lang='lat' dir='ltr'>(Aitch.</span> <span class='ocrx_word' id='word_1_40' title='bbox 957 693 1000 727; x_wconf 90' lang='lat' dir='ltr'>et</span> <span class='ocrx_word' id='word_1_41' title='bbox 1045 686 1203 728; x_wconf 86' lang='lat' dir='ltr'>Hemsl.</span> <span class='ocrx_word' id='word_1_42' title='bbox 1250 686 1397 727; x_wconf 85' lang='lat' dir='ltr'>Journ.</span> <span class='ocrx_word' id='word_1_43' title='bbox 1451 685 1571 726; x_wconf 91' lang='lat' dir='ltr'>Linn.</span> <span class='ocrx_word' id='word_1_44' title='bbox 1619 685 1710 727; x_wconf 87' lang='lat' dir='ltr'><strong>Soc.</strong></span> <span class='ocrx_word' id='word_1_45' title='bbox 1757 685 1870 733; x_wconf 74' lang='lat' dir='ltr'>XIX,</span> 
     </span>
     <span class='ocr_line' id='line_1_12' title="bbox 308 738 1873 795; baseline -0.003 -12"><span class='ocrx_word' id='word_1_46' title='bbox 308 755 348 795; x_wconf 91' lang='lat' dir='ltr'>p.</span> <span class='ocrx_word' id='word_1_47' title='bbox 376 746 449 783; x_wconf 87' lang='lat'>170</span> <span class='ocrx_word' id='word_1_48' title='bbox 469 742 544 782; x_wconf 92' lang='lat' dir='ltr'>sub</span> <span class='ocrx_word' id='word_1_49' title='bbox 571 740 795 784; x_wconf 69' lang='lat' dir='ltr'>Tarzaeeto)</span> <span class='ocrx_word' id='word_1_50' title='bbox 817 739 1008 791; x_wconf 82' lang='lat' dir='ltr'>glabrum</span> <span class='ocrx_word' id='word_1_51' title='bbox 1030 740 1092 780; x_wconf 86' lang='lat' dir='ltr'>vel</span> <span class='ocrx_word' id='word_1_52' title='bbox 1113 740 1378 790; x_wconf 80' lang='lat' dir='ltr'>glabroscens</span> <span class='ocrx_word' id='word_1_53' title='bbox 1399 738 1723 786; x_wconf 82' lang='lat' dir='ltr'>suffruticosum,</span> <span class='ocrx_word' id='word_1_54' title='bbox 1746 739 1873 779; x_wconf 83' lang='lat' dir='ltr'>ramis</span> 
     </span>
     <span class='ocr_line' id='line_1_13' title="bbox 312 791 1874 846; baseline -0.003 -11"><span class='ocrx_word' id='word_1_55' title='bbox 312 795 482 836; x_wconf 81' lang='lat' dir='ltr'>vetustis</span> <span class='ocrx_word' id='word_1_56' title='bbox 502 794 696 835; x_wconf 87' lang='lat' dir='ltr'>brevibus</span> <span class='ocrx_word' id='word_1_57' title='bbox 718 793 956 833; x_wconf 77' lang='lat' dir='ltr'>divaricatis</span> <span class='ocrx_word' id='word_1_58' title='bbox 977 793 1040 833; x_wconf 82' lang='lat' dir='ltr'>vel</span> <span class='ocrx_word' id='word_1_59' title='bbox 1062 793 1259 833; x_wconf 82' lang='lat' dir='ltr'>tortuosis</span> <span class='ocrx_word' id='word_1_60' title='bbox 1281 791 1401 832; x_wconf 84' lang='lat' dir='ltr'>nudis</span> <span class='ocrx_word' id='word_1_61' title='bbox 1423 791 1658 843; x_wconf 80' lang='lat' dir='ltr'>J&#39;nnioribns</span> <span class='ocrx_word' id='word_1_62' title='bbox 1680 791 1874 846; x_wconf 77' lang='lat' dir='ltr'>tenuibus</span> 
     </span>
     <span class='ocr_line' id='line_1_14' title="bbox 307 843 1872 900; baseline -0.003 -12"><span class='ocrx_word' id='word_1_63' title='bbox 307 851 428 900; x_wconf 87' lang='lat' dir='ltr'>parte</span> <span class='ocrx_word' id='word_1_64' title='bbox 455 846 649 887; x_wconf 88' lang='lat' dir='ltr'>inferiore</span> <span class='ocrx_word' id='word_1_65' title='bbox 676 845 820 886; x_wconf 80' lang='lat' dir='ltr'><strong>crebre</strong></span> <span class='ocrx_word' id='word_1_66' title='bbox 854 844 1006 885; x_wconf 86' lang='lat' dir='ltr'>foliatis</span> <span class='ocrx_word' id='word_1_67' title='bbox 1038 857 1217 897; x_wconf 78' lang='lat' dir='ltr'>superne</span> <span class='ocrx_word' id='word_1_68' title='bbox 1250 844 1370 889; x_wconf 82' lang='lat' dir='ltr'>undis</span> <span class='ocrx_word' id='word_1_69' title='bbox 1406 844 1729 896; x_wconf 75' lang='lat' dir='ltr'>inonocephalis.</span> <span class='ocrx_word' id='word_1_70' title='bbox 1764 843 1872 884; x_wconf 84' lang='lat' dir='ltr'>foliis</span> 
     </span>
     <span class='ocr_line' id='line_1_15' title="bbox 308 897 1876 950; baseline -0.002 -10"><span class='ocrx_word' id='word_1_71' title='bbox 308 901 479 941; x_wconf 87' lang='lat' dir='ltr'>minutis</span> <span class='ocrx_word' id='word_1_72' title='bbox 503 899 687 940; x_wconf 86' lang='lat' dir='ltr'>breviter</span> <span class='ocrx_word' id='word_1_73' title='bbox 707 898 917 950; x_wconf 88' lang='lat' dir='ltr'>petiolatis</span> <span class='ocrx_word' id='word_1_74' title='bbox 938 898 979 938; x_wconf 91' lang='lat' dir='ltr'>in</span> <span class='ocrx_word' id='word_1_75' title='bbox 1010 898 1178 938; x_wconf 81' lang='lat' dir='ltr'>lacinias</span> <span class='ocrx_word' id='word_1_76' title='bbox 1209 902 1364 938; x_wconf 77' lang='lat' dir='ltr'>teretes</span> <span class='ocrx_word' id='word_1_77' title='bbox 1394 904 1582 938; x_wconf 79' lang='lat' dir='ltr'>setaceas</span> <span class='ocrx_word' id='word_1_78' title='bbox 1611 897 1757 937; x_wconf 90' lang='lat' dir='ltr'>breves</span> <span class='ocrx_word' id='word_1_79' title='bbox 1779 897 1876 949; x_wconf 87' lang='lat' dir='ltr'>rigi-</span> 
     </span>
     <span class='ocr_line' id='line_1_16' title="bbox 308 950 1876 1004; baseline -0.003 -11"><span class='ocrx_word' id='word_1_80' title='bbox 308 953 382 993; x_wconf 85' lang='lat' dir='ltr'>das</span> <span class='ocrx_word' id='word_1_81' title='bbox 412 952 726 1004; x_wconf 86' lang='lat' dir='ltr'>subpungentes</span> <span class='ocrx_word' id='word_1_82' title='bbox 747 951 942 1002; x_wconf 84' lang='lat' dir='ltr'>utrinque</span> <span class='ocrx_word' id='word_1_83' title='bbox 963 954 1029 991; x_wconf 78' lang='lat'>2-3</span> <span class='ocrx_word' id='word_1_84' title='bbox 1051 951 1397 1002; x_wconf 86' lang='lat' dir='ltr'>pinnatipartitis,</span> <span class='ocrx_word' id='word_1_85' title='bbox 1429 950 1621 1002; x_wconf 87' lang='lat' dir='ltr'>capitulis</span> <span class='ocrx_word' id='word_1_86' title='bbox 1652 961 1876 1001; x_wconf 83' lang='lat' dir='ltr'>campanu-</span> 
     </span>
     <span class='ocr_line' id='line_1_17' title="bbox 308 1003 1875 1055; baseline -0.002 -10"><span class='ocrx_word' id='word_1_87' title='bbox 308 1005 420 1053; x_wconf 89' lang='lat' dir='ltr'>latis,</span> <span class='ocrx_word' id='word_1_88' title='bbox 444 1005 644 1045; x_wconf 75' lang='lat' dir='ltr'>involucri</span> <span class='ocrx_word' id='word_1_89' title='bbox 664 1003 814 1055; x_wconf 81' lang='lat' dir='ltr'>phyllis</span> <span class='ocrx_word' id='word_1_90' title='bbox 842 1004 975 1044; x_wconf 89' lang='lat' dir='ltr'>ovatis</span> <span class='ocrx_word' id='word_1_91' title='bbox 1003 1009 1045 1043; x_wconf 83' lang='lat' dir='ltr'>et</span> <span class='ocrx_word' id='word_1_92' title='bbox 1077 1004 1265 1055; x_wconf 85' lang='lat' dir='ltr'>oblongis</span> <span class='ocrx_word' id='word_1_93' title='bbox 1295 1003 1455 1043; x_wconf 87' lang='lat' dir='ltr'>obtusis</span> <span class='ocrx_word' id='word_1_94' title='bbox 1489 1003 1875 1054; x_wconf 83' lang='lat' dir='ltr'>nigro-marginatis</span> 
     </span>
     <span class='ocr_line' id='line_1_18' title="bbox 307 1055 1875 1109; baseline -0.002 -11"><span class='ocrx_word' id='word_1_95' title='bbox 307 1057 575 1099; x_wconf 87' lang='lat' dir='ltr'>interioribus</span> <span class='ocrx_word' id='word_1_96' title='bbox 609 1057 726 1109; x_wconf 80' lang='lat' dir='ltr'>apice</span> <span class='ocrx_word' id='word_1_97' title='bbox 757 1057 948 1097; x_wconf 86' lang='lat' dir='ltr'>scariosis</span> <span class='ocrx_word' id='word_1_98' title='bbox 980 1057 1145 1104; x_wconf 87' lang='lat' dir='ltr'>ciliatis,</span> <span class='ocrx_word' id='word_1_99' title='bbox 1186 1056 1368 1097; x_wconf 87' lang='lat' dir='ltr'>acheniis</span> <span class='ocrx_word' id='word_1_100' title='bbox 1402 1055 1670 1107; x_wconf 82' lang='lat' dir='ltr'>(junioribus)</span> <span class='ocrx_word' id='word_1_101' title='bbox 1704 1055 1875 1096; x_wconf 86' lang='lat' dir='ltr'>costatis</span> 
     </span>
     <span class='ocr_line' id='line_1_19' title="bbox 307 1109 1530 1162; baseline -0.001 -12"><span class='ocrx_word' id='word_1_102' title='bbox 307 1122 444 1162; x_wconf 88' lang='lat' dir='ltr'>pappo</span> <span class='ocrx_word' id='word_1_103' title='bbox 466 1109 702 1150; x_wconf 88' lang='lat' dir='ltr'>unilaterali</span> <span class='ocrx_word' id='word_1_104' title='bbox 722 1110 919 1150; x_wconf 84' lang='lat' dir='ltr'>interiore</span> <span class='ocrx_word' id='word_1_105' title='bbox 939 1109 1225 1161; x_wconf 83' lang='lat' dir='ltr'>subquadrato</span> <span class='ocrx_word' id='word_1_106' title='bbox 1246 1109 1454 1149; x_wconf 86' lang='lat' dir='ltr'>coronatis</span> <span class='ocrx_word' id='word_1_107' title='bbox 1479 1122 1504 1159; x_wconf 77' lang='lat'><em>5</em></span> <span class='ocrx_word' id='word_1_108' title='bbox 1522 1140 1530 1148; x_wconf 90' lang='lat'><strong>.</strong></span> 
     </span>
    </p>

    <p class='ocr_par' dir='ltr' id='par_1_9' title="bbox 326 1179 1876 1271">
     <span class='ocr_line' id='line_1_20' title="bbox 369 1179 1876 1225; baseline -0.001 -10"><span class='ocrx_word' id='word_1_109' title='bbox 369 1181 461 1215; x_wconf 88' lang='lat' dir='ltr'>Hah.</span> <span class='ocrx_word' id='word_1_110' title='bbox 483 1182 518 1215; x_wconf 90' lang='lat' dir='ltr'>in</span> <span class='ocrx_word' id='word_1_111' title='bbox 539 1181 719 1215; x_wconf 87' lang='lat' dir='ltr'>montibus</span> <span class='ocrx_word' id='word_1_112' title='bbox 740 1181 916 1223; x_wconf 81' lang='lat' dir='ltr'>Sikaram,</span> <span class='ocrx_word' id='word_1_113' title='bbox 937 1181 1139 1225; x_wconf 62' lang='lat' dir='ltr'>Scrafigah,</span> <span class='ocrx_word' id='word_1_114' title='bbox 1163 1181 1289 1224; x_wconf 85' lang='lat' dir='ltr'>Sergal</span> <span class='ocrx_word' id='word_1_115' title='bbox 1309 1180 1492 1214; x_wconf 78' lang='lat' dir='ltr'>districtus</span> <span class='ocrx_word' id='word_1_116' title='bbox 1511 1179 1648 1214; x_wconf 86' lang='lat' dir='ltr'>Hariab</span> <span class='ocrx_word' id='word_1_117' title='bbox 1670 1179 1876 1223; x_wconf 82' lang='lat' dir='ltr'>Affghaniae</span> 
     </span>
     <span class='ocr_line' id='line_1_21' title="bbox 326 1228 798 1271; baseline -0.004 -8"><span class='ocrx_word' id='word_1_118' title='bbox 326 1231 510 1263; x_wconf 87' lang='lat'>10-13000&#39;</span> <span class='ocrx_word' id='word_1_119' title='bbox 529 1228 665 1264; x_wconf 79' lang='lat' dir='ltr'>(Aitch.</span> <span class='ocrx_word' id='word_1_120' title='bbox 685 1229 798 1271; x_wconf 64' lang='grc'>8201).</span> 
     </span>
    </p>
   </div>
   <div class='ocr_carea' id='block_1_9' title="bbox 322 1289 1876 1381">
    <p class='ocr_par' dir='ltr' id='par_1_10' title="bbox 322 1289 1876 1381">
     <span class='ocr_line' id='line_1_22' title="bbox 370 1289 1876 1334; baseline -0.001 -9"><span class='ocrx_word' id='word_1_121' title='bbox 370 1291 554 1325; x_wconf 84' lang='lat' dir='ltr'>Suffrutex</span> <span class='ocrx_word' id='word_1_122' title='bbox 589 1291 734 1325; x_wconf 87' lang='lat' dir='ltr'>humilis</span> <span class='ocrx_word' id='word_1_123' title='bbox 773 1290 1004 1333; x_wconf 76' lang='lat' dir='ltr'>divaricatus,</span> <span class='ocrx_word' id='word_1_124' title='bbox 1043 1291 1132 1324; x_wconf 85' lang='lat' dir='ltr'>rami</span> <span class='ocrx_word' id='word_1_125' title='bbox 1169 1289 1320 1325; x_wconf 89' lang='lat' dir='ltr'>floriferi</span> <span class='ocrx_word' id='word_1_126' title='bbox 1359 1290 1642 1334; x_wconf 81' lang='lat' dir='ltr'>2-5-pollicares,</span> <span class='ocrx_word' id='word_1_127' title='bbox 1678 1290 1876 1334; x_wconf 83' lang='lat' dir='ltr'>capitulum</span> 
     </span>
     <span class='ocr_line' id='line_1_23' title="bbox 322 1338 1051 1381; baseline -0.003 -9"><span class='ocrx_word' id='word_1_128' title='bbox 322 1338 428 1373; x_wconf 88' lang='lat' dir='ltr'>diam.</span> <span class='ocrx_word' id='word_1_129' title='bbox 450 1339 509 1372; x_wconf 85' lang='lat' dir='ltr'>vix</span> <span class='ocrx_word' id='word_1_130' title='bbox 530 1340 549 1372; x_wconf 89' lang='lat'><strong>3</strong></span> <span class='ocrx_word' id='word_1_131' title='bbox 570 1338 684 1372; x_wconf 86' lang='lat' dir='ltr'>lineas</span> <span class='ocrx_word' id='word_1_132' title='bbox 703 1338 815 1372; x_wconf 87' lang='lat' dir='ltr'>latum</span> <span class='ocrx_word' id='word_1_133' title='bbox 838 1344 872 1372; x_wconf 86' lang='lat' dir='ltr'>et</span> <span class='ocrx_word' id='word_1_134' title='bbox 894 1338 1051 1381; x_wconf 85' lang='lat' dir='ltr'>longum.</span> 
     </span>
    </p>
   </div>
   <div class='ocr_carea' id='block_1_10' title="bbox 328 1470 1188 1583">
    <p class='ocr_par' dir='ltr' id='par_1_11' title="bbox 328 1470 1188 1583">
     <span class='ocr_line' id='line_1_24' title="bbox 328 1470 990 1510; baseline 0.002 -1"><span class='ocrx_word' id='word_1_135' title='bbox 328 1470 622 1510; x_wconf 86' lang='lat' dir='ltr'>Artemisia</span> <span class='ocrx_word' id='word_1_136' title='bbox 642 1470 960 1510; x_wconf 85' lang='lat' dir='ltr'>salsoloides</span> <span class='ocrx_word' id='word_1_137' title='bbox 982 1482 990 1510; x_wconf 75' lang='grc' dir='ltr'>ε</span> 
     </span>
     <span class='ocr_line' id='line_1_25' title="bbox 370 1538 1188 1583; baseline 0.001 -10"><span class='ocrx_word' id='word_1_138' title='bbox 370 1538 436 1573; x_wconf 85' lang='lat' dir='ltr'>Ar.</span> <span class='ocrx_word' id='word_1_139' title='bbox 465 1538 620 1583; x_wconf 64' lang='lat' dir='ltr'>Geogr„</span> <span class='ocrx_word' id='word_1_140' title='bbox 641 1539 734 1574; x_wconf 85' lang='lat' dir='ltr'>adde</span> <span class='ocrx_word' id='word_1_141' title='bbox 754 1552 761 1573; x_wconf 81' lang='lat' dir='ltr'><em>z</em></span> <span class='ocrx_word' id='word_1_142' title='bbox 781 1539 923 1574; x_wconf 89' lang='lat' dir='ltr'>Tibetia</span> <span class='ocrx_word' id='word_1_143' title='bbox 941 1539 1188 1574; x_wconf 81' lang='lat' dir='ltr'>occidentalis.</span> 
     </span>
    </p>
   </div>
   <div class='ocr_carea' id='block_1_11' title="bbox 328 1667 1030 1719">
    <p class='ocr_par' dir='ltr' id='par_1_12' title="bbox 328 1667 1030 1719">
     <span class='ocr_line' id='line_1_26' title="bbox 328 1667 1030 1719; baseline 0 -12"><span class='ocrx_word' id='word_1_144' title='bbox 328 1671 422 1719; x_wconf 84' lang='lat' dir='ltr'>post</span> <span class='ocrx_word' id='word_1_145' title='bbox 442 1668 501 1706; x_wconf 88' lang='lat' dir='ltr'>A.</span> <span class='ocrx_word' id='word_1_146' title='bbox 534 1667 843 1708; x_wconf 85' lang='lat' dir='ltr'>arenariam</span> <span class='ocrx_word' id='word_1_147' title='bbox 863 1667 999 1708; x_wconf 87' lang='lat' dir='ltr'>insere</span> <span class='ocrx_word' id='word_1_148' title='bbox 1022 1680 1030 1707; x_wconf 91' lang='grc'>;</span> 
     </span>
    </p>
   </div>
   <div class='ocr_carea' id='block_1_12' title="bbox 310 1754 1880 2350">
    <p class='ocr_par' dir='ltr' id='par_1_13' title="bbox 310 1754 1880 2177">
     <span class='ocr_line' id='line_1_27' title="bbox 364 1754 1879 1807; baseline 0.002 -13"><span class='ocrx_word' id='word_1_149' title='bbox 364 1756 423 1794; x_wconf 89' lang='grc' dir='ltr'>Α.</span> <span class='ocrx_word' id='word_1_150' title='bbox 454 1755 749 1805; x_wconf 86' lang='lat' dir='ltr'>parvissora</span> <span class='ocrx_word' id='word_1_151' title='bbox 770 1755 922 1806; x_wconf 81' lang='lat' dir='ltr'>(Roxb.</span> <span class='ocrx_word' id='word_1_152' title='bbox 946 1754 1068 1796; x_wconf 56' lang='lat' dir='ltr'>Hort„</span> <span class='ocrx_word' id='word_1_153' title='bbox 1097 1755 1229 1807; x_wconf 81' lang='lat' dir='ltr'>Beng.</span> <span class='ocrx_word' id='word_1_154' title='bbox 1253 1755 1321 1806; x_wconf 79' lang='lat'>61)</span> <span class='ocrx_word' id='word_1_155' title='bbox 1348 1755 1554 1796; x_wconf 85' lang='lat' dir='ltr'>herbacea</span> <span class='ocrx_word' id='word_1_156' title='bbox 1582 1755 1647 1796; x_wconf 91' lang='lat' dir='ltr'>vel</span> <span class='ocrx_word' id='word_1_157' title='bbox 1673 1755 1763 1797; x_wconf 89' lang='lat' dir='ltr'>basi</span> <span class='ocrx_word' id='word_1_158' title='bbox 1796 1755 1879 1797; x_wconf 88' lang='lat' dir='ltr'>fru-</span> 
     </span>
     <span class='ocr_line' id='line_1_28' title="bbox 311 1807 1879 1860; baseline 0.002 -13"><span class='ocrx_word' id='word_1_159' title='bbox 311 1812 473 1848; x_wconf 88' lang='lat' dir='ltr'>tescens</span> <span class='ocrx_word' id='word_1_160' title='bbox 505 1807 702 1859; x_wconf 86' lang='lat' dir='ltr'>adpresse</span> <span class='ocrx_word' id='word_1_161' title='bbox 735 1819 958 1849; x_wconf 70' lang='lat' dir='ltr'>canescens</span> <span class='ocrx_word' id='word_1_162' title='bbox 993 1808 1055 1848; x_wconf 90' lang='lat' dir='ltr'>vel</span> <span class='ocrx_word' id='word_1_163' title='bbox 1088 1808 1296 1859; x_wconf 86' lang='lat' dir='ltr'>glabrata,</span> <span class='ocrx_word' id='word_1_164' title='bbox 1332 1808 1518 1849; x_wconf 87' lang='lat' dir='ltr'>caulibus</span> <span class='ocrx_word' id='word_1_165' title='bbox 1552 1809 1726 1860; x_wconf 86' lang='lat' dir='ltr'>virgatis</span> <span class='ocrx_word' id='word_1_166' title='bbox 1759 1808 1879 1850; x_wconf 86' lang='lat' dir='ltr'>elatis</span> 
     </span>
     <span class='ocr_line' id='line_1_29' title="bbox 311 1860 1879 1911; baseline 0.001 -11"><span class='ocrx_word' id='word_1_167' title='bbox 311 1860 583 1911; x_wconf 83' lang='lat' dir='ltr'>paniculatim</span> <span class='ocrx_word' id='word_1_168' title='bbox 603 1861 791 1908; x_wconf 86' lang='lat' dir='ltr'>ramosis,</span> <span class='ocrx_word' id='word_1_169' title='bbox 814 1860 920 1901; x_wconf 82' lang='lat' dir='ltr'>foliis</span> <span class='ocrx_word' id='word_1_170' title='bbox 942 1861 1153 1902; x_wconf 84' lang='lat' dir='ltr'>sessilibus</span> <span class='ocrx_word' id='word_1_171' title='bbox 1181 1861 1368 1902; x_wconf 82' lang='lat' dir='ltr'>cuneatis</span> <span class='ocrx_word' id='word_1_172' title='bbox 1396 1861 1579 1902; x_wconf 87' lang='lat' dir='ltr'>dentatis</span> <span class='ocrx_word' id='word_1_173' title='bbox 1606 1862 1669 1902; x_wconf 85' lang='lat' dir='ltr'>vel</span> <span class='ocrx_word' id='word_1_174' title='bbox 1696 1861 1879 1903; x_wconf 87' lang='lat' dir='ltr'>flabella-</span> 
     </span>
     <span class='ocr_line' id='line_1_30' title="bbox 313 1913 1880 1966; baseline 0.001 -13"><span class='ocrx_word' id='word_1_175' title='bbox 313 1913 389 1953; x_wconf 80' lang='lat' dir='ltr'>tini</span> <span class='ocrx_word' id='word_1_176' title='bbox 417 1913 478 1953; x_wconf 88' lang='lat' dir='ltr'>vel</span> <span class='ocrx_word' id='word_1_177' title='bbox 509 1913 725 1965; x_wconf 85' lang='lat' dir='ltr'>palmatim</span> <span class='ocrx_word' id='word_1_178' title='bbox 760 1913 1032 1966; x_wconf 69' lang='lat' dir='ltr'>pi1inatifitliS‚</span> <span class='ocrx_word' id='word_1_179' title='bbox 1060 1915 1232 1954; x_wconf 86' lang='lat' dir='ltr'>summis</span> <span class='ocrx_word' id='word_1_180' title='bbox 1263 1914 1488 1955; x_wconf 76' lang='lat' dir='ltr'>linearibus</span> <span class='ocrx_word' id='word_1_181' title='bbox 1518 1915 1693 1966; x_wconf 78' lang='lat' dir='ltr'>integris</span> <span class='ocrx_word' id='word_1_182' title='bbox 1720 1915 1880 1955; x_wconf 88' lang='lat' dir='ltr'>laciniis</span> 
     </span>
     <span class='ocr_line' id='line_1_31' title="bbox 312 1965 1880 2019; baseline 0.002 -14"><span class='ocrx_word' id='word_1_183' title='bbox 312 1965 463 2006; x_wconf 84' lang='lat' dir='ltr'>infimis</span> <span class='ocrx_word' id='word_1_184' title='bbox 489 1966 598 2006; x_wconf 87' lang='lat' dir='ltr'>cauli</span> <span class='ocrx_word' id='word_1_185' title='bbox 630 1967 850 2017; x_wconf 75' lang='lat' dir='ltr'>contiguis,</span> <span class='ocrx_word' id='word_1_186' title='bbox 889 1967 1063 2007; x_wconf 81' lang='lat' dir='ltr'>racemis</span> <span class='ocrx_word' id='word_1_187' title='bbox 1095 1966 1368 2007; x_wconf 82' lang='lat' dir='ltr'>subsecundis</span> <span class='ocrx_word' id='word_1_188' title='bbox 1398 1966 1649 2015; x_wconf 88' lang='lat' dir='ltr'>multifloris‚</span> <span class='ocrx_word' id='word_1_189' title='bbox 1687 1968 1880 2019; x_wconf 83' lang='lat' dir='ltr'>capitulis</span> 
     </span>
     <span class='ocr_line' id='line_1_32' title="bbox 310 2018 1880 2072; baseline 0.002 -14"><span class='ocrx_word' id='word_1_190' title='bbox 310 2018 495 2059; x_wconf 89' lang='lat' dir='ltr'>breviter</span> <span class='ocrx_word' id='word_1_191' title='bbox 514 2018 771 2069; x_wconf 88' lang='lat' dir='ltr'>pedicellatis</span> <span class='ocrx_word' id='word_1_192' title='bbox 793 2019 971 2070; x_wconf 75' lang='lat' dir='ltr'>globosis</span> <span class='ocrx_word' id='word_1_193' title='bbox 993 2020 1163 2060; x_wconf 87' lang='lat' dir='ltr'>minutis</span> <span class='ocrx_word' id='word_1_194' title='bbox 1192 2019 1433 2068; x_wconf 74' lang='lat' dir='ltr'>ss-lO-floris‚</span> <span class='ocrx_word' id='word_1_195' title='bbox 1485 2020 1606 2072; x_wconf 73' lang='lat' dir='ltr'>hyllis</span> <span class='ocrx_word' id='word_1_196' title='bbox 1635 2021 1767 2061; x_wconf 85' lang='lat' dir='ltr'>ovatis</span> <span class='ocrx_word' id='word_1_197' title='bbox 1795 2021 1880 2061; x_wconf 85' lang='lat' dir='ltr'>late</span> 
     </span>
     <span class='ocr_line' id='line_1_33' title="bbox 313 2071 1879 2126; baseline 0.003 -16"><span class='ocrx_word' id='word_1_198' title='bbox 313 2071 634 2119; x_wconf 88' lang='lat' dir='ltr'>albo—scariosis,</span> <span class='ocrx_word' id='word_1_199' title='bbox 657 2071 839 2112; x_wconf 83' lang='lat' dir='ltr'>acheniis</span> <span class='ocrx_word' id='word_1_200' title='bbox 854 2072 1046 2123; x_wconf 83' lang='lat' dir='ltr'>ellipticis</span> <span class='ocrx_word' id='word_1_201' title='bbox 1062 2073 1218 2124; x_wconf 82' lang='lat' dir='ltr'>glabris</span> <span class='ocrx_word' id='word_1_202' title='bbox 1236 2076 1293 2119; x_wconf 65' lang='lat'>21.</span> <span class='ocrx_word' id='word_1_203' title='bbox 1312 2073 1365 2113; x_wconf 86' lang='lat' dir='ltr'>A.</span> <span class='ocrx_word' id='word_1_204' title='bbox 1378 2073 1452 2125; x_wconf 67' lang='lat' dir='ltr'>syla</span> <span class='ocrx_word' id='word_1_205' title='bbox 1465 2075 1579 2113; x_wconf 71' lang='lat' dir='ltr'>meta</span> <span class='ocrx_word' id='word_1_206' title='bbox 1594 2086 1662 2114; x_wconf 85' lang='lat' dir='ltr'>nc.</span> <span class='ocrx_word' id='word_1_207' title='bbox 1678 2073 1720 2114; x_wconf 91' lang='lat' dir='ltr'>in</span> <span class='ocrx_word' id='word_1_208' title='bbox 1736 2073 1879 2126; x_wconf 80' lang='lat' dir='ltr'>Wight</span> 
     </span>
     <span class='ocr_line' id='line_1_34' title="bbox 313 2123 1077 2177; baseline 0.004 -14"><span class='ocrx_word' id='word_1_209' title='bbox 313 2123 502 2164; x_wconf 84' lang='lat' dir='ltr'>Contrib.</span> <span class='ocrx_word' id='word_1_210' title='bbox 526 2126 590 2164; x_wconf 87' lang='lat'>20.</span> <span class='ocrx_word' id='word_1_211' title='bbox 613 2147 662 2151; x_wconf 91' lang='lat'>—</span> <span class='ocrx_word' id='word_1_212' title='bbox 683 2124 735 2165; x_wconf 77' lang='lat' dir='ltr'>A.</span> <span class='ocrx_word' id='word_1_213' title='bbox 758 2124 988 2177; x_wconf 60' lang='lat' dir='ltr'>cemeoesssolm</span> <span class='ocrx_word' id='word_1_214' title='bbox 1009 2138 1077 2166; x_wconf 82' lang='lat' dir='ltr'>Dc.</span> 
     </span>
    </p>

    <p class='ocr_par' dir='ltr' id='par_1_14' title="bbox 329 2193 1879 2285">
     <span class='ocr_line' id='line_1_35' title="bbox 372 2193 1879 2285; baseline 0.002 -58"><span class='ocrx_word' id='word_1_215' title='bbox 372 2193 465 2285; x_wconf 76' lang='lat' dir='ltr'>Hal)›.</span> <span class='ocrx_word' id='word_1_216' title='bbox 483 2194 516 2228; x_wconf 92' lang='lat' dir='ltr'>in</span> <span class='ocrx_word' id='word_1_217' title='bbox 538 2194 689 2237; x_wconf 78' lang='lat' dir='ltr'>planitie</span> <span class='ocrx_word' id='word_1_218' title='bbox 716 2194 919 2238; x_wconf 78' lang='lat' dir='ltr'>Affghaniae</span> <span class='ocrx_word' id='word_1_219' title='bbox 946 2195 1040 2229; x_wconf 86' lang='lat' dir='ltr'>inter</span> <span class='ocrx_word' id='word_1_220' title='bbox 1069 2195 1205 2229; x_wconf 83' lang='lat' dir='ltr'>Kuram</span> <span class='ocrx_word' id='word_1_221' title='bbox 1227 2202 1261 2230; x_wconf 88' lang='lat' dir='ltr'>et</span> <span class='ocrx_word' id='word_1_222' title='bbox 1292 2195 1541 2230; x_wconf 86' lang='lat' dir='ltr'>Habibkhalla</span> <span class='ocrx_word' id='word_1_223' title='bbox 1573 2197 1717 2240; x_wconf 85' lang='lat' dir='ltr'>copiose</span> <span class='ocrx_word' id='word_1_224' title='bbox 1745 2196 1879 2238; x_wconf 80' lang='lat' dir='ltr'>(Aitcli.</span> 
     </span>
     <span class='ocr_line' id='line_1_36' title="bbox 329 2242 459 2275; baseline -0.008 0"><span class='ocrx_word' id='word_1_225' title='bbox 329 2243 412 2275; x_wconf 83' lang='lat'>1231</span> <span class='ocrx_word' id='word_1_226' title='bbox 427 2242 433 2274; x_wconf 73' lang='grc' dir='ltr'>ἔ</span> <span class='ocrx_word' id='word_1_227' title='bbox 452 2268 459 2274; x_wconf 94' lang='grc'>.</span> 
     </span>
    </p>

    <p class='ocr_par' dir='ltr' id='par_1_15' title="bbox 372 2303 1351 2350">
     <span class='ocr_line' id='line_1_37' title="bbox 372 2303 1351 2350; baseline 0.003 -12"><span class='ocrx_word' id='word_1_228' title='bbox 372 2304 440 2338; x_wconf 83' lang='lat' dir='ltr'>Ar.</span> <span class='ocrx_word' id='word_1_229' title='bbox 462 2303 605 2348; x_wconf 81' lang='lat' dir='ltr'>Geogr.</span> <span class='ocrx_word' id='word_1_230' title='bbox 623 2305 815 2350; x_wconf 75' lang='lat' dir='ltr'>Hinialaya</span> <span class='ocrx_word' id='word_1_231' title='bbox 833 2312 1048 2350; x_wconf 86' lang='lat' dir='ltr'>temperata,</span> <span class='ocrx_word' id='word_1_232' title='bbox 1070 2307 1180 2341; x_wconf 83' lang='lat' dir='ltr'>Indiae</span> <span class='ocrx_word' id='word_1_233' title='bbox 1201 2314 1351 2341; x_wconf 86' lang='lat' dir='ltr'>montes.</span> 
     </span>
    </p>
   </div>
   <div class='ocr_carea' id='block_1_13' title="bbox 312 2434 1882 2761">
    <p class='ocr_par' dir='ltr' id='par_1_16' title="bbox 312 2434 1882 2700">
     <span class='ocr_line' id='line_1_38' title="bbox 367 2434 1877 2489; baseline 0.003 -15"><span class='ocrx_word' id='word_1_234' title='bbox 367 2435 425 2475; x_wconf 88' lang='lat' dir='ltr'>A.</span> <span class='ocrx_word' id='word_1_235' title='bbox 469 2435 846 2475; x_wconf 86' lang='lat' dir='ltr'>Dracunculus</span> <span class='ocrx_word' id='word_1_236' title='bbox 884 2434 950 2486; x_wconf 85' lang='lat' dir='ltr'>(L.</span> <span class='ocrx_word' id='word_1_237' title='bbox 993 2434 1064 2487; x_wconf 88' lang='lat' dir='ltr'>Sp.</span> <span class='ocrx_word' id='word_1_238' title='bbox 1102 2436 1220 2485; x_wconf 75' lang='lat'>1189)</span> <span class='ocrx_word' id='word_1_239' title='bbox 1252 2436 1445 2488; x_wconf 88' lang='lat' dir='ltr'>perennis</span> <span class='ocrx_word' id='word_1_240' title='bbox 1478 2436 1685 2478; x_wconf 85' lang='lat' dir='ltr'>herbacea</span> <span class='ocrx_word' id='word_1_241' title='bbox 1717 2436 1877 2489; x_wconf 79' lang='lat' dir='ltr'>glabra,</span> 
     </span>
     <span class='ocr_line' id='line_1_39' title="bbox 313 2486 1882 2540; baseline 0.001 -12"><span class='ocrx_word' id='word_1_242' title='bbox 313 2486 432 2529; x_wconf 89' lang='lat' dir='ltr'>caule</span> <span class='ocrx_word' id='word_1_243' title='bbox 463 2493 602 2528; x_wconf 88' lang='lat' dir='ltr'>erecto</span> <span class='ocrx_word' id='word_1_244' title='bbox 638 2487 891 2539; x_wconf 75' lang='lat' dir='ltr'>paniculum,</span> <span class='ocrx_word' id='word_1_245' title='bbox 928 2486 1033 2528; x_wconf 88' lang='lat' dir='ltr'>foliis</span> <span class='ocrx_word' id='word_1_246' title='bbox 1068 2493 1222 2540; x_wconf 70' lang='lat' dir='ltr'>prseter</span> <span class='ocrx_word' id='word_1_247' title='bbox 1259 2488 1459 2529; x_wconf 85' lang='lat' dir='ltr'>radicalia</span> <span class='ocrx_word' id='word_1_248' title='bbox 1494 2489 1705 2530; x_wconf 86' lang='lat' dir='ltr'>interdum</span> <span class='ocrx_word' id='word_1_249' title='bbox 1741 2489 1882 2531; x_wconf 84' lang='lat' dir='ltr'>trifida</span> 
     </span>
     <span class='ocr_line' id='line_1_40' title="bbox 312 2540 1879 2591; baseline 0.002 -11"><span class='ocrx_word' id='word_1_250' title='bbox 312 2540 498 2581; x_wconf 88' lang='lat' dir='ltr'>indivisis</span> <span class='ocrx_word' id='word_1_251' title='bbox 537 2540 737 2581; x_wconf 87' lang='lat' dir='ltr'>viridibus</span> <span class='ocrx_word' id='word_1_252' title='bbox 773 2540 1265 2590; x_wconf 74' lang='lat' dir='ltr'>lanceolam-linearibus,</span> <span class='ocrx_word' id='word_1_253' title='bbox 1302 2542 1476 2582; x_wconf 83' lang='lat' dir='ltr'>racemis</span> <span class='ocrx_word' id='word_1_254' title='bbox 1515 2541 1642 2583; x_wconf 83' lang='lat' dir='ltr'>dense</span> <span class='ocrx_word' id='word_1_255' title='bbox 1673 2542 1879 2591; x_wconf 85' lang='lat' dir='ltr'>floriferis,</span> 
     </span>
     <span class='ocr_line' id='line_1_41' title="bbox 313 2593 1881 2647; baseline 0.002 -14"><span class='ocrx_word' id='word_1_256' title='bbox 313 2593 507 2646; x_wconf 87' lang='lat' dir='ltr'>capitulis</span> <span class='ocrx_word' id='word_1_257' title='bbox 537 2593 716 2644; x_wconf 77' lang='lat' dir='ltr'>globosis</span> <span class='ocrx_word' id='word_1_258' title='bbox 736 2594 948 2634; x_wconf 78' lang='lat' dir='ltr'>sessilibus</span> <span class='ocrx_word' id='word_1_259' title='bbox 969 2594 1031 2634; x_wconf 87' lang='lat' dir='ltr'>vol</span> <span class='ocrx_word' id='word_1_260' title='bbox 1060 2594 1243 2635; x_wconf 87' lang='lat' dir='ltr'>breviter</span> <span class='ocrx_word' id='word_1_261' title='bbox 1271 2594 1529 2646; x_wconf 86' lang='lat' dir='ltr'>pedicellatis</span> <span class='ocrx_word' id='word_1_262' title='bbox 1558 2595 1737 2647; x_wconf 82' lang='lat' dir='ltr'>pallidis,</span> <span class='ocrx_word' id='word_1_263' title='bbox 1769 2597 1881 2636; x_wconf 92' lang='lat' dir='ltr'>invo-</span> 
     </span>
     <span class='ocr_line' id='line_1_42' title="bbox 314 2645 1878 2700; baseline 0.002 -14"><span class='ocrx_word' id='word_1_264' title='bbox 314 2646 417 2687; x_wconf 90' lang='lat' dir='ltr'>lucri</span> <span class='ocrx_word' id='word_1_265' title='bbox 437 2645 586 2698; x_wconf 71' lang='lat' dir='ltr'>phyllis</span> <span class='ocrx_word' id='word_1_266' title='bbox 606 2646 691 2687; x_wconf 90' lang='lat' dir='ltr'>late</span> <span class='ocrx_word' id='word_1_267' title='bbox 711 2646 902 2699; x_wconf 88' lang='lat' dir='ltr'>ellipticis</span> <span class='ocrx_word' id='word_1_268' title='bbox 920 2647 1109 2697; x_wconf 79' lang='lat' dir='ltr'>margine</span> <span class='ocrx_word' id='word_1_269' title='bbox 1130 2647 1214 2687; x_wconf 87' lang='lat' dir='ltr'>late</span> <span class='ocrx_word' id='word_1_270' title='bbox 1234 2648 1440 2696; x_wconf 78' lang='lat' dir='ltr'>scam&#39;osis,</span> <span class='ocrx_word' id='word_1_271' title='bbox 1457 2647 1639 2688; x_wconf 81' lang='lat' dir='ltr'>acheniis</span> <span class='ocrx_word' id='word_1_272' title='bbox 1655 2648 1878 2700; x_wconf 65' lang='lat' dir='ltr'>glabris-21.</span> 
     </span>
    </p>

    <p class='ocr_par' dir='ltr' id='par_1_17' title="bbox 373 2717 1318 2761">
     <span class='ocr_line' id='line_1_43' title="bbox 373 2717 1318 2761; baseline 0.002 -11"><span class='ocrx_word' id='word_1_273' title='bbox 373 2717 466 2751; x_wconf 85' lang='lat' dir='ltr'>Hab.</span> <span class='ocrx_word' id='word_1_274' title='bbox 488 2717 522 2751; x_wconf 91' lang='lat' dir='ltr'>in</span> <span class='ocrx_word' id='word_1_275' title='bbox 544 2717 739 2761; x_wconf 75' lang='lat' dir='ltr'>Affghania</span> <span class='ocrx_word' id='word_1_276' title='bbox 761 2719 818 2761; x_wconf 90' lang='lat' dir='ltr'>(ex</span> <span class='ocrx_word' id='word_1_277' title='bbox 840 2718 957 2752; x_wconf 84' lang='lat' dir='ltr'>Hook.</span> <span class='ocrx_word' id='word_1_278' title='bbox 980 2717 1003 2751; x_wconf 88' lang='lat' dir='ltr'>f.</span> <span class='ocrx_word' id='word_1_279' title='bbox 1027 2718 1081 2752; x_wconf 85' lang='lat' dir='ltr'>Fl.</span> <span class='ocrx_word' id='word_1_280' title='bbox 1103 2718 1192 2752; x_wconf 88' lang='lat' dir='ltr'>Brit.</span> <span class='ocrx_word' id='word_1_281' title='bbox 1214 2717 1318 2761; x_wconf 90' lang='lat' dir='ltr'>Ind.).</span> 
     </span>
    </p>
   </div>
   <div class='ocr_carea' id='block_1_14' title="bbox 328 2780 1880 2873">
    <p class='ocr_par' dir='ltr' id='par_1_18' title="bbox 328 2780 1880 2873">
     <span class='ocr_line' id='line_1_44' title="bbox 373 2780 1880 2823; baseline 0.002 -10"><span class='ocrx_word' id='word_1_282' title='bbox 373 2780 576 2823; x_wconf 85' lang='lat' dir='ltr'>Specimina</span> <span class='ocrx_word' id='word_1_283' title='bbox 596 2791 639 2814; x_wconf 78' lang='lat' dir='ltr'>ex</span> <span class='ocrx_word' id='word_1_284' title='bbox 660 2781 853 2823; x_wconf 66' lang='lat' dir='ltr'>Affghania</span> <span class='ocrx_word' id='word_1_285' title='bbox 874 2782 944 2816; x_wconf 71' lang='lat' dir='ltr'>lnic</span> <span class='ocrx_word' id='word_1_286' title='bbox 966 2792 1007 2815; x_wconf 78' lang='lat' dir='ltr'>ex</span> <span class='ocrx_word' id='word_1_287' title='bbox 1024 2782 1066 2815; x_wconf 89' lang='lat' dir='ltr'>cl.</span> <span class='ocrx_word' id='word_1_288' title='bbox 1083 2782 1115 2816; x_wconf 88' lang='lat' dir='ltr'>J.</span> <span class='ocrx_word' id='word_1_289' title='bbox 1134 2782 1176 2816; x_wconf 88' lang='lat' dir='ltr'>D.</span> <span class='ocrx_word' id='word_1_290' title='bbox 1193 2782 1339 2816; x_wconf 85' lang='lat' dir='ltr'>Hooker</span> <span class='ocrx_word' id='word_1_291' title='bbox 1356 2781 1402 2816; x_wconf 83' lang='lat' dir='ltr'>ad</span> <span class='ocrx_word' id='word_1_292' title='bbox 1417 2783 1461 2816; x_wconf 79' lang='lat' dir='ltr'>A.</span> <span class='ocrx_word' id='word_1_293' title='bbox 1477 2781 1748 2817; x_wconf 72' lang='lat' dir='ltr'>Dracmzculmn</span> <span class='ocrx_word' id='word_1_294' title='bbox 1763 2782 1880 2817; x_wconf 85' lang='lat' dir='ltr'>relata</span> 
     </span>
     <span class='ocr_line' id='line_1_45' title="bbox 328 2826 1599 2873; baseline 0.002 -13"><span class='ocrx_word' id='word_1_295' title='bbox 328 2826 416 2861; x_wconf 84' lang='lat' dir='ltr'>folia</span> <span class='ocrx_word' id='word_1_296' title='bbox 436 2827 652 2871; x_wconf 76' lang='lat' dir='ltr'>pinnatifida</span> <span class='ocrx_word' id='word_1_297' title='bbox 672 2828 807 2862; x_wconf 83' lang='lat' dir='ltr'>habent</span> <span class='ocrx_word' id='word_1_298' title='bbox 827 2835 861 2863; x_wconf 88' lang='lat' dir='ltr'>et</span> <span class='ocrx_word' id='word_1_299' title='bbox 882 2828 927 2862; x_wconf 84' lang='lat' dir='ltr'>ad</span> <span class='ocrx_word' id='word_1_300' title='bbox 949 2828 1083 2863; x_wconf 83' lang='lat' dir='ltr'>formas</span> <span class='ocrx_word' id='word_1_301' title='bbox 1101 2831 1146 2863; x_wconf 88' lang='lat' dir='ltr'>A.</span> <span class='ocrx_word' id='word_1_302' title='bbox 1167 2830 1377 2873; x_wconf 75' lang='lat' dir='ltr'>campestris</span> <span class='ocrx_word' id='word_1_303' title='bbox 1398 2828 1599 2864; x_wconf 84' lang='lat' dir='ltr'>referenda.</span> 
     </span>
    </p>
   </div>
   <div class='ocr_carea' id='block_1_15' title="bbox 374 2890 1133 2936">
    <p class='ocr_par' dir='ltr' id='par_1_19' title="bbox 374 2890 1133 2936">
     <span class='ocr_line' id='line_1_46' title="bbox 374 2890 1133 2936; baseline 0.005 -12"><span class='ocrx_word' id='word_1_304' title='bbox 374 2890 441 2925; x_wconf 77' lang='lat' dir='ltr'>Ar.</span> <span class='ocrx_word' id='word_1_305' title='bbox 462 2891 605 2934; x_wconf 80' lang='lat' dir='ltr'>Googr.</span> <span class='ocrx_word' id='word_1_306' title='bbox 626 2892 754 2927; x_wconf 85' lang='lat' dir='ltr'>Rossia</span> <span class='ocrx_word' id='word_1_307' title='bbox 774 2893 956 2936; x_wconf 84' lang='lat' dir='ltr'>australis,</span> <span class='ocrx_word' id='word_1_308' title='bbox 977 2893 1133 2928; x_wconf 80' lang='lat' dir='ltr'>Tibetia.</span> 
     </span>
    </p>
   </div>
   <div class='ocr_carea' id='block_1_16' title="bbox 210 3022 1880 3076">
    <p class='ocr_par' dir='ltr' id='par_1_20' title="bbox 210 3022 1880 3076">
     <span class='ocr_line' id='line_1_47' title="bbox 210 3022 1880 3076; baseline 0.001 -14"><span class='ocrx_word' id='word_1_309' title='bbox 210 3024 301 3069; x_wconf 81' lang='lat'>369,</span> <span class='ocrx_word' id='word_1_310' title='bbox 334 3022 393 3062; x_wconf 74' lang='lat' dir='ltr'>A.</span> <span class='ocrx_word' id='word_1_311' title='bbox 415 3022 933 3064; x_wconf 77' lang='lat' dir='ltr'>Turczaninowiana</span> <span class='ocrx_word' id='word_1_312' title='bbox 951 3036 959 3063; x_wconf 93' lang='lat'>:</span> <span class='ocrx_word' id='word_1_313' title='bbox 976 3024 1203 3075; x_wconf 85' lang='lat' dir='ltr'>specimina</span> <span class='ocrx_word' id='word_1_314' title='bbox 1218 3035 1267 3065; x_wconf 83' lang='lat' dir='ltr'>ex</span> <span class='ocrx_word' id='word_1_315' title='bbox 1281 3022 1504 3076; x_wconf 75' lang='lat' dir='ltr'>Affghania</span> <span class='ocrx_word' id='word_1_316' title='bbox 1517 3023 1568 3065; x_wconf 92' lang='lat' dir='ltr'>ob</span> <span class='ocrx_word' id='word_1_317' title='bbox 1585 3023 1774 3065; x_wconf 89' lang='lat' dir='ltr'>flosculos</span> <span class='ocrx_word' id='word_1_318' title='bbox 1788 3023 1880 3076; x_wconf 91' lang='lat' dir='ltr'>plus</span> 
     </span>
    </p>
   </div>
  </div>
 </body>
</html>
