2115 3250
183 232 375 268 Fumaria.
899 240 1152 264 i-UMAniAcnAE.
1817 229 1859 263 ΞΠ

185 313 255 347 Pag-
283 362 604 413 .(1-2)-dentata.
639 361 818 402 Fructus
843 360 1102 412 submajores
1132 360 1267 410 magis
1297 360 1518 411 conspicue
1548 360 1724 400 carinati
1750 361 1862 400 inter

287 414 467 456 foveolas
510 414 630 455 binas
674 413 915 455 terminales
958 413 1201 454 brevissime
1245 412 1459 464 apiculati.
1500 436 1551 440 —
1595 411 1648 452 F.
1692 412 1861 454 Cilic-ica

287 467 471 508 Haussk.
493 466 662 508 Fumar.
685 478 726 518 p.
749 469 814 507 21.

344 538 438 572 Hah.
458 539 494 572 in
513 538 650 592 campis
670 538 794 572 otiosis
812 537 958 571 ditionis
975 536 1117 570 Kassan
1138 536 1232 579 Oglu
1254 536 1388 570 Ciliciae
1410 536 1456 570 ad
1474 536 1650 570 Gorumse
1666 535 1749 580 (Ky.
1766 537 1810 569 42
1824 537 1860 577 Ι).

346 603 433 637 Haec
450 603 609 637 varietas
626 601 721 636 facie
738 602 905 645 congruit
919 612 997 635 curn
1013 611 1087 634 var.
1103 600 1132 638 β.
1146 600 1339 643 densiflorci
1354 600 1400 633 ad
1416 610 1522 643 quam
1539 600 1736 642 specimina
1750 600 1863 633 citata

300 649 633 684 adnumeraveram.
649 649 889 683 Characteres
906 642 1055 682 indic‘ati
1070 647 1265 682 variabiles
1286 653 1369 681 sunt
1391 654 1426 681 et
1446 647 1621 680 transitus
1643 646 1689 680 ad
1710 646 1862 680 formam

300 697 457 741 typicam
471 707 504 730 v,
519 707 572 740 gr.
587 697 623 730 in
637 695 891 740 speciminibus
907 695 1066 729 Ponticis
1082 695 1227 738 (Bourg.
1241 696 1248 727 ἰ
1262 694 1341 728 Bal.
1353 695 1375 736 ἲ)
1393 700 1427 728 et
1446 694 1676 738 AEgyptiacis
1692 693 1816 733 (Gaill.
1828 695 1833 726 !
1846 710 1863 735 ι,

301 744 336 777 in
357 743 486 787 quibus
506 743 645 778 fructus
663 742 832 777 distincte
850 742 1014 785 carinati,
1031 748 1204 786 praesunt.

341 887 395 927 Γ.
430 886 692 927 Boissieri
721 885 924 937 (Haussk.
955 884 1076 925 Fum.
1110 897 1151 936 p.
1184 884 1253 934 21)
1283 884 1446 935 glauca,
1481 883 1673 924 foliorum
1701 883 1864 923 laciniis

288 938 484 980 confertis
506 943 685 991 anguste
706 938 948 985 linearibus,
972 938 1148 978 racemis
1170 936 1418 983 densifloriS,
1441 936 1593 988 sepalis
1621 936 1864 977 lanceolatis

288 992 411 1043 longe
438 992 688 1032 acuminatis
718 991 870 1031 corolla
902 990 1216 1042 angustioribus
1245 995 1288 1030 et
1318 989 1442 1041 triplo
1469 989 1699 1029 minoribus
1730 989 1864 1029 altero

289 1044 477 1096 margine
496 1043 810 1096 paucidentato,
827 1044 1010 1084 bracteis
1038 1043 1264 1084 linearibus
1289 1042 1728 1082 setaceo-acuminatis
1750 1041 1865 1093 pedi—

287 1096 389 1138 cello
410 1097 555 1148 gracili
575 1100 909 1149 erecto-patente
929 1095 1134 1147 subtriplo
1151 1095 1426 1142 brevioribus,
1445 1093 1585 1135 fructu
1601 1094 1863 1145 (immaturo)

287 1149 514 1190 obcordato
550 1149 747 1201 ruguloso
783 1149 901 1201 apice
939 1152 1135 1189 truncato
1175 1147 1338 1200 apiculo
1377 1148 1488 1188 inter
1524 1146 1707 1188 foveolas
1743 1146 1864 1187 binas

288 1203 482 1254 elongato
501 1203 755 1254 persistente
776 1205 840 1251 Θ.

344 1274 438 1309 Hab.
453 1275 491 1309 in
506 1274 668 1309 herbidis
682 1279 719 1309 et
736 1273 783 1308 ad
793 1274 870 1308 vias
885 1273 1158 1317 Mesopotamiae
1172 1283 1287 1316 prope
1301 1272 1421 1306 Terek
1437 1276 1473 1305 et
1486 1271 1631 1305 Mardin
1649 1272 1817 1314 (Haussk.
1829 1273 1864 1313 l).

346 1336 403 1370 Ex
432 1337 558 1380 paucis
579 1335 835 1380 speciminibus
854 1341 942 1370 nota
970 1341 1006 1370 et
1033 1336 1205 1369 varietati
1233 1346 1264 1376 γ.
1286 1334 1331 1368 F.
1356 1335 1549 1377 officinalis
1574 1333 1694 1368 affinis
1717 1333 1865 1368 differre

300 1383 443 1418 videtur
459 1383 684 1427 glaucedine,
705 1383 894 1427 pedicellis
913 1383 1104 1426 elongatis,
1125 1382 1284 1416 bracteis
1305 1381 1586 1425 angustioribus,
1607 1381 1720 1424 petali
1741 1382 1866 1415 carina

301 1436 516 1465 excurrente
535 1433 707 1474 rostrata,
725 1430 846 1465 fructu
866 1430 1008 1474 longius
1030 1429 1228 1473 apiculato.
1250 1429 1411 1463 Ulterius
1431 1435 1553 1463 tamen
1579 1428 1816 1472 exploranda.

186 1583 276 1629 135,
307 1584 403 1632 post
423 1581 479 1621 P.
500 1580 780 1621 Vaillantii
799 1580 936 1621 insere
959 1592 968 1620 :

339 1668 392 1707 F.
414 1668 747 1709 Schleicheri
765 1666 1048 1720 (Soyer-Will.
1067 1666 1167 1709 Obs.
1185 1667 1249 1707 Pl.
1267 1666 1336 1707 Fr.
1359 1666 1424 1717 17)
1441 1665 1708 1718 glaucescens
1724 1671 1861 1706 erecta

287 1720 572 1761 subscandens
595 1720 659 1761 vel
681 1720 846 1769 diffusa,
868 1720 1030 1761 laciniis
1049 1720 1186 1772 planis
1206 1718 1664 1771 oblongo-lanceolatis,
1687 1720 1865 1759 racemis

289 1773 576 1822 densiusculis⁷
592 1772 765 1814 floribus
782 1773 922 1825 parvis
936 1772 1284 1820 roseo—violaceis,
1302 1772 1484 1813 bracteis
1502 1770 1704 1823 pedicello
1725 1780 1864 1812 erecto

288 1826 403 1866 tenui
432 1825 556 1919 trisslo
589 1826 850 1867 brevioribus
875 1825 1134 1873 lanceolatis,
1157 1825 1307 1877 sepalis
1335 1823 1748 1865 ovato-subrotundis
1769 1824 1865 1864 sub-

287 1878 463 1930 integris
521 1879 676 1919 reviter
704 1878 953 1919 acuminatis
988 1878 1143 1919 corolla
1174 1878 1393 1930 quintuplo
1419 1876 1695 1925 brevioribus,
1724 1875 1864 1917 fructu

287 1931 484 1983 ruguloso
519 1931 689 1983 globoso
721 1931 1039 1983 subcompresso
1072 1931 1221 1971 obtuso
1252 1930 1439 1971 breviter
1472 1929 1681 1981 apiculato
1712 1932 1775 1978 Θ.
1807 1930 1861 1970 F.

287 1982 518 2035 tenuvflora
539 1983 706 2025 Garcke
725 1995 807 2024 non
831 1983 964 2025 Fries.
987 2007 1039 2012 —
1059 1983 1116 2025 F.
1139 1996 1370 2036 acrocarpa
1388 1983 1572 2024 Peterin.

298 2053 445 2134 ΗΗὶὼΙὲ
461 2055 500 2144 >in
529 2054 636 2088 cultis
667 2054 848 2099 Bithyniae
875 2055 927 2099 (C.
955 2054 1058 2088 Koch
1089 2065 1133 2088 ex
1161 2054 1353 2097 Haussk.),
1379 2053 1626 2087 Kurdistaniae
1659 2052 1787 2095 (Bront
1820 2064 1863 2087 ex

335 2110 418 2135 auss
448 2127 455 2134 .
477 2127 484 2135 .

343 2166 380 2218 β.
419 2163 681 2216 microearpa
712 2163 897 2205 Haussk.
934 2163 1054 2205 Fum.
1088 2177 1130 2216 p.
1168 2167 1232 2205 39.
1263 2187 1317 2191 —
1342 2163 1533 2204 Bracteae
1572 2167 1866 2204 cuneato-acu—

285 2216 455 2257 minatae
481 2216 694 2268 pedicellis
721 2216 982 2258 brevioribus
1013 2216 1183 2258 dimidio
1213 2216 1442 2264 breviores,
1465 2216 1609 2268 sepala
1633 2216 1865 2257 ovato-lan-

287 2268 450 2310 ceolata
469 2268 624 2309 corolla
641 2269 802 2310 minore
822 2269 1055 2322 quadruplo
1074 2270 1281 2310 breviora.
1304 2292 1356 2297 —
1375 2268 1429 2310 F.
1449 2268 1712 2322 microcarpa
1728 2269 1861 2310 Boiss.

288 2321 390 2362 Mss.
414 2321 510 2362 olim
530 2322 573 2362 in
593 2321 709 2362 Huet
728 2321 791 2363 Pl.
813 2322 929 2363 Arm.

300 2392 441 2482 (lezllass.
472 2393 509 2427 in
536 2393 710 2428 Armenia
735 2404 851 2438 prope
883 2394 1059 2428 Erzerum
1090 2394 1247 2438 (Huet!),
1273 2394 1309 2428 in
1335 2393 1432 2428 valle
1458 2394 1585 2437 Djimil
1610 2394 1716 2428 Ponti
1742 2394 1864 2428 Laziei

346 2503 464 2548 Hujus
484 2504 628 2548 speciei,
646 2504 691 2539 F.
711 2504 900 2539 Vaillantii
919 2515 963 2538 ex
984 2504 1029 2538 cl.
1045 2504 1301 2539 Haussknecht
1320 2505 1435 2548 magis
1456 2504 1588 2548 affinis,
1607 2510 1642 2539 et
1663 2506 1864 2547 varietatis,

298 2561 405 2594 quam
426 2552 493 2586 etsi
515 2551 796 2586 subdubitanter
814 2551 858 2585 cl.
876 2557 1005 2586 auctor
1026 2552 1073 2586 ad
1092 2552 1136 2586 F.
1156 2552 1365 2586 Schleicheri
1380 2551 1541 2595 adducit,
1562 2553 1794 2586 characteres
1817 2563 1860 2586 ex

300 2597 462 2641 ejusdem
481 2598 744 2642 monographia
762 2599 990 2642 transcripsi.

346 2661 414 2696 Ar.
431 2660 574 2705 Geogr.
591 2663 772 2707 Helvetia,
791 2663 986 2698 Germania
1002 2663 1174 2707 borealis,
1192 2664 1353 2707 Austria,
1371 2664 1471 2708 regio
1490 2663 1718 2707 Danubialis,
1732 2663 1864 2699 Sibiria

302 2709 462 2753 Altaica,
475 2710 662 2754 Songaria.

210 2862 300 2908 135,
332 2859 388 2899 P.
410 2860 647 2911 asepala‚
674 2860 783 2902 adde
806 2873 814 2901 :

347 2946 440 2991 Hah.
468 2947 504 2981 in
532 2948 657 2982 Persia
681 2947 727 2982 ad
758 2948 926 2983 Teheran
954 2948 1036 2993 (ΚΥ.
1063 2949 1155 2993 451),
1185 2949 1231 2983 ad
1258 2949 1417 2993 Ispahan
1446 2950 1577 2991 (Auch.
1602 2948 1742 2993 40511),
1768 2950 1863 2984 inter

304 2993 464 3028 Kerman
484 2999 520 3029 et
537 2994 627 3030 Jezd
649 2995 795 3040 (Egel).
