2094 3351
239 229 284 265 64
961 238 1182 263 ennon-*ena
1694 226 1912 262 Sameraria.

239 311 314 344 Pag.

345 362 730 404 orbiculato-ovatis
755 361 845 401 basi
865 359 1070 413 profunde
1090 360 1272 401 cordatis
1293 359 1410 411 apice
1429 359 1731 400 subattenuato
1751 360 1912 401 obtusis

345 416 408 456 vel
438 416 588 456 retusis
609 415 716 467 stylo
736 414 851 454 brevi
879 413 1112 465 apiculatis‚
1136 413 1202 453 ala
1229 412 1434 464 puberula
1460 412 1657 453 radiatim
1686 411 1841 464 plicata
1872 416 1914 454 et

346 467 808 509 reticulato-nervulosa
826 466 960 506 loculo
981 470 1216 507 tomentoso
1237 464 1415 515 oblongo
1441 464 1684 514 sublatiore‚
1707 465 1784 506 alis
1813 464 1912 506 disci

347 520 399 561 ad
420 521 603 561 carinam
626 519 810 560 reductis
833 521 896 567 Θ.

406 591 498 625 Hah.
519 592 553 625 in
570 592 728 625 Caucaso
750 589 902 623 australi
923 588 969 622 ad
990 588 1172 622 Kumkale
1193 594 1228 622 et
1247 588 1578 622 Temirchanchura
1600 588 1797 630 (Beckeri).

406 655 522 689 Valde
543 654 661 689 affinis
681 654 717 688 S.
738 655 903 688 Armenoe
923 663 1003 697 quae
1028 652 1150 687 differt
1177 653 1328 686 siliculae
1355 652 1569 686 orbiculatae
1595 653 1698 696 apice
1723 662 1794 686 non
1823 657 1914 686 atte-

359 710 479 736 nuatm
497 702 559 736 sed
578 701 684 736 valde
705 701 940 744 emarginatae
959 700 1026 734 alis
1044 699 1206 734 obsolete
1226 710 1292 734 nec
1312 699 1480 734 elevatim
1499 699 1660 734 radiatis.

243 838 332 882 3315,
366 839 459 886 post
484 835 537 874 S.
562 833 913 885 qlastifoliam
930 833 1066 873 insere
1089 844 1097 872 :

403 921 456 960 S.
479 930 832 970 macrocarpa
858 918 1010 971 (Boiss.
1033 922 1075 958 et
1096 917 1301 968 Haussk.)
1316 929 1456 958 annua
1476 917 1637 969 glabra,
1655 917 1773 958 caule
1821 928 1915 958 arce

349 984 524 1020 ramoso,
567 972 673 1013 foliis
711 972 884 1013 caulinis
916 971 1105 1014 oblongis
1143 970 1411 1011 acutiusculis
1443 970 1533 1011 basi
1566 970 1651 1011 late
1688 974 1730 1010 et
1767 981 1790 1010 o
1823 974 1916 1010 tuse

348 1025 604 1072 auriculatis‚
637 1025 811 1065 racemis
841 1024 1130 1065 terminalibus
1169 1023 1423 1063 abbreviatis
1456 1022 1707 1075 paucifloris‚
1746 1022 1916 1063 siliculis

347 1078 548 1130 pedicello
568 1078 683 1118 brevi
704 1076 884 1118 filiformi
912 1075 1092 1117 suffultis
1115 1076 1307 1128 pendulis
1336 1076 1525 1116 maximis
1547 1076 1680 1116 ovatis
1705 1075 1796 1116 basi
1823 1086 1916 1127 pro-

348 1131 475 1171 funde
496 1130 676 1171 cordatis
698 1131 813 1182 apice
833 1131 927 1170 sinu
946 1130 1032 1170 lato
1049 1129 1164 1170 brevi
1181 1129 1333 1169 retusis
1354 1132 1396 1168 et
1416 1129 1523 1180 stylo
1543 1128 1659 1169 brevi
1676 1128 1816 1168 conico
1832 1128 1917 1179 api-

350 1183 518 1232 culatis‚
559 1183 626 1223 ala
662 1182 883 1234 marginali
923 1182 1037 1223 tenui
1075 1181 1328 1222 reticulatim
1367 1182 1542 1221 nervosa
1584 1180 1718 1221 loculo
1756 1180 1916 1221 elevato

350 1237 510 1284 latiore,
534 1236 609 1276 alis
631 1236 889 1276 suturalibus
910 1235 1043 1276 loculo
1062 1235 1128 1275 vix
1150 1233 1461 1285 angustioribus
1481 1233 1679 1274 tenuibus
1701 1235 1764 1282 Θ.

407 1307 498 1341 Hab.
518 1308 552 1341 in
567 1307 656 1351 jugo
677 1308 736 1341 Pir
754 1307 864 1341 Omar
886 1306 1036 1341 Gudrun
1054 1305 1299 1340 Kurdistaniae
1319 1305 1475 1339 Persicae
1495 1305 1664 1339 (Haussk.
1677 1306 1711 1345 !).

407 1371 654 1415 Semipedalis⁷
675 1382 696 1405 a
717 1371 752 1405 S.
776 1371 972 1415 ylastifolici
989 1370 1158 1404 distincta
1174 1369 1322 1404 siliculis
1338 1369 1448 1412 duplo
1465 1369 1665 1412 majoribus
1685 1371 1788 1404 14-15
1802 1369 1917 1403 lineas

362 1419 478 1461 longis
498 1419 665 1462 pollicem
685 1418 769 1452 latis
789 1429 941 1461 quarum
962 1418 1059 1451 sinus
1084 1417 1287 1451 terminalis
1308 1416 1414 1450 valde
1435 1422 1584 1460 apertus
1604 1427 1670 1451 nec
1690 1417 1833 1451 clausus
1851 1421 1915 1450 est.

361 1469 391 1500 A
414 1466 449 1500 S.
469 1465 674 1511 stylophorc'c
692 1465 785 1509 stylo
805 1465 918 1508 brevi,
936 1470 1003 1499 etc.
1025 1464 1178 1498 diversa.

244 1603 334 1648 3375,
371 1599 424 1638 S.
449 1597 781 1649 stylophora,
803 1595 911 1637 adde
934 1608 942 1636 :

406 1685 500 1721 Hab.
521 1685 556 1719 in
573 1689 694 1719 monte
714 1684 788 1718 Tar
807 1683 934 1718 Tchell
952 1693 1062 1727 supra
1083 1682 1201 1717 Terek
1220 1682 1495 1726 Mesopotamiae
1514 1683 1617 1716 3000‘
1637 1681 1853 1725 (Haussk.!).

243 1825 333 1869 377,
368 1819 534 1860 Isatis
554 1817 850 1867 latisiliqua
875 1828 884 1855 :

407 1907 499 1941 Huic
517 1905 649 1949 speciei
671 1904 820 1939 siliculae
849 1902 1057 1937 indumento
1080 1901 1327 1946 magnitudine
1348 1906 1383 1935 et
1402 1900 1519 1935 forma
1542 1900 1649 1935 valde
1668 1899 1918 1944 polymorphae

359 1959 493 1998 praeter
515 1962 712 1998 synonyma
737 1950 898 1985 indicata
921 1949 1175 1993 subjungenda
1198 1958 1341 1992 quoque
1355 1948 1498 1982 videtur
1518 1949 1548 1983 1.
1571 1947 1786 1982 subradiata
1803 1947 1917 1990 Rupr.

358 2002 414 2036 Fl.
433 2002 539 2036 Cauc.
561 2011 594 2044 p.
617 2002 694 2033 131.
716 1997 840 2032 Adde:

406 2065 500 2100 Hab.
520 2066 555 2099 in
576 2065 737 2099 Caucaso
758 2062 897 2096 Iberico
919 2066 955 2095 et
975 2060 1144 2095 orientali
1165 2060 1375 2102 (Trautv.!),
1395 2060 1431 2093 in
1451 2059 1631 2093 montibus
1654 2057 1798 2094 Schahu
1826 2058 1917 2092 Kur-

362 2113 526 2148 distaniae
547 2113 651 2146 9000'
671 2116 707 2145 et
725 2112 848 2146 Sawus
866 2109 999 2143 Persiae
1020 2107 1254 2142 occidentalis
1269 2107 1435 2140 9-12000‘
1453 2105 1667 2150 (Haussk.!).

399 2194 436 2231 γ.
470 2173 785 2236 qudrunensis.
807 2196 859 2201 —-
874 2171 990 2213 Collo
1009 2170 1306 2264 S·Ung·11¹·teSfenS
1327 2173 1417 2210 tota
1437 2169 1587 2221 glauca
1598 2167 1803 2261 lxl⁷elutina‘‡,
1824 2179 1920 2260 caui

347 2229 686 2335 {515323333‘5333
695 2227 1255 2336 ἰῆῗέὲξῗοῗὲἒὲιἰἃῑὲἐξῗῗ
1269 2226 1383 2316 ἑέἓῗ
1388 2226 1915 2334 ῃὲἓῐέξέιζῗεῗῆὲἔὲθέῗρζὲ,

349 2336 422 2377 sed
442 2348 466 2375 a
486 2335 629 2375 formis
653 2333 690 2375 1.
715 2331 960 2384 latisiliquae
979 2342 1061 2371 non
1082 2327 1342 2381 sejungenda
1361 2327 1541 2368 videtur.

406 2407 498 2441 Hab.
533 2407 571 2487 ff
608 2404 837 2496 rufieztribus
868 2402 1044 2438 calcareis
1077 2401 1208 2435 montis
1240 2401 1302 2435 Pir
1334 2399 1443 2434 Omar
1482 2398 1634 2433 Gudrun
1670 2397 1916 2432 Kurdistaniae

362 2456 528 2492 3-7000‘(
569 2463 651 2487 auss
683 2453 734 2486 .!.

408 2518 449 2551 In
474 2517 585 2551 Flora
611 2515 763 2550 Caucasi
790 2525 825 2558 p.
846 2515 908 2548 131
934 2513 980 2547 cl.
1005 2511 1195 2556 Ruprecht
1215 2515 1402 2546 enumerat
1422 2510 1453 2544 Ι.
1474 2509 1634 2552 alpinam
1653 2518 1729 2541 var.
1755 2506 1919 2542 Caucasi-

362 2576 439 2599 cam
458 2564 571 2607 Rupr.
594 2573 637 2597 ex
653 2560 897 2597 cacuminibus
917 2560 1111 2596 Salataviae
1132 2558 1337 2594 Caucasicae
1359 2557 1532 2601 (Bayern)
1552 2560 1587 2590 et
1603 2566 1637 2599 p.
1658 2556 1723 2588 132
1738 2554 1768 2588 Ι.
1782 2554 1918 2588 Arara-

363 2612 467 2646 ticam
488 2611 603 2654 Rupr.
624 2609 670 2644 ad
689 2608 816 2653 pedem
836 2608 915 2642 coni
933 2607 1082 2651 majoris
1104 2605 1286 2640 Araratici
1304 2604 1457 2647 obviam,
1478 2603 1540 2638 sed
1567 2608 1728 2645 utraeque
1748 2600 1919 2635 floriferae

363 2664 502 2693 tantum
522 2657 626 2692 lectae
647 2655 879 2701 diagnosibus
900 2665 971 2689 non
986 2653 1206 2689 definiuntur
1226 2658 1261 2687 et
1281 2652 1424 2686 omnino
1442 2648 1777 2694 praetermittendae.

248 2798 337 2841 379,
368 2796 464 2845 post
485 2792 525 2831 1.
547 2790 801 2841 frigidam
819 2789 957 2829 insere
976 2800 985 2827 :

406 2878 445 2918 1.
479 2877 664 2924 Athea,
702 2873 896 2927 perennis
927 2871 1182 2932 pluricaulis‚
1216 2869 1404 2911 caulibus
1436 2867 1663 2928 humilibus
1683 2864 1919 2926 ,gracilibus

354 2929 596 2982 corymbose
627 2927 816 2975 ramosis,
852 2925 958 2967 foliis
988 2923 1252 2965 inferioribus
1287 2922 1475 2974 oblongis
1504 2920 1714 2973 petiolatis
1747 2918 1919 2978 caulinis

354 2982 597 3024 lanceolatis
612 2980 674 3022 vel
692 2977 1170 3021 lanceolam-linearibus
1191 2975 1325 3016 acutis
1339 2979 1463 3016 acute
1477 2972 1734 3020 auriculatis,
1751 2969 1919 3012 siliculis
