2115 3250
234 158 390 194 Retama.
947 175 1199 202 LEGUMINOSAE.
1839 177 1905 212 159

232 237 301 272 pag.

336 291 411 332 tim
425 294 719 342 ramosissima,
736 296 863 336 ramis
878 297 1053 346 striatis,
1070 297 1218 340 folioliS
1233 300 1404 342 minutis
1421 303 1609 345 obovatis
1624 317 1804 358 superne
1818 309 1904 360 gla-

335 344 420 384 bris
439 345 587 386 subtus
606 347 788 395 sericeiS,
816 348 1060 400 pedunculis
1086 352 1229 403 paucis
1258 353 1515 404 axin-aribus,
1540 357 1680 409 calyce
1707 359 1905 411 adpresse

332 397 501 445 sericeo,
536 398 817 450 leguminibus
845 403 1093 454 compressis
1124 403 1246 445 dorso
1279 407 1553 459 complanatis
1588 410 1782 452 torulosis
1811 414 1904 464 pilis

332 448 657 500 adpressissimis
678 455 1066 504 argenteo-sericeis
1087 455 1140 496 ad
1160 461 1350 499 suturam
1374 461 1630 512 superiorem
1653 463 1825 505 sulcatis
1848 466 1875 517 Β
1892 498 1901 506 .

390 520 483 554 Hab.
501 521 538 555 in
557 522 710 557 collibus
730 523 857 559 insulae
876 525 1043 571 Corcyrae
1066 526 1139 571 (W.
1160 528 1349 574 Barbey!).

389 583 516 619 Facies
541 584 576 620 Ο.
595 586 747 629 spinosae
763 586 1002 631 leguminibus
1021 589 1250 633 glaberrimis
1271 593 1330 627 vix
1353 594 1525 630 torulosis
1551 596 1742 632 distinctae.
1777 599 1813 635 G.
1840 600 1902 635 vil-

341 629 416 664 losa
432 631 612 675 legumine
631 632 893 678 subtetragono
915 635 1040 670 lanato
1055 637 1196 682 longius
1214 638 1338 675 distat.

386 691 454 727 Ar.
474 692 615 736 Geogr.
635 696 770 740 Sicilia,
788 697 895 732 Italia
913 699 1097 744 australis,
1114 700 1312 737 Dalmatia.

249 844 312 889 37,
345 842 571 883 Retama
599 844 823 895 Raetam,
853 846 962 888 adde
989 847 1179 902 diagnosi
1202 863 1211 891 :
1238 865 1255 889 «
1279 851 1435 893 Carina
1463 854 1762 905 obtusiuscula,
1785 857 1901 909 legu-

325 894 506 936 minibus
534 896 926 951 oblongo-ellipticis
962 901 1080 953 apice
1111 903 1266 945 sensim
1299 905 1342 945 in
1374 917 1615 948 mucronem
1649 912 1897 960 attenuatis,

325 947 533 1000 epicarpio
552 950 749 1001 ruguloso
770 961 865 992 cum
885 952 1135 1007 endocarpio
1156 956 1322 998 coalito.
1344 971 1360 995 »

382 1018 438 1052 Ex
468 1018 695 1055 habitatione
728 1021 809 1056 dele
842 1022 960 1057 locum
993 1038 1009 1054 «
1036 1025 1140 1060 Mare
1167 1027 1350 1062 Mortuum
1376 1042 1392 1058 >›
1424 1029 1470 1064 ad
1501 1031 1657 1074 speciem
1687 1039 1898 1077 sequentem

334 1070 557 1108 spectantem
582 1072 618 1101 et
643 1067 738 1102 adde
766 1081 773 1102 :
803 1068 949 1105 deserta
978 1071 1376 1119 Arabico—AEgyptiaca
1406 1082 1441 1111 et
1470 1077 1584 1112 Gebel
1613 1080 1755 1115 Attaka
1782 1092 1898 1126 prope

334 1112 424 1146 Suez
443 1112 647 1156 (Schweinf.
669 1124 744 1149 exs.
762 1117 938 1160 98·100!).

243 1262 306 1308 37,
337 1263 431 1312 post
453 1261 511 1302 R.
536 1262 745 1303 Raetam
765 1264 903 1306 insere
925 1278 934 1306 ε

373 1347 431 1387 R.
457 1348 660 1389 Duriaei
687 1349 844 1402 (Spach
870 1351 978 1393 Anu.
1006 1352 1073 1394 Sc.
1101 1354 1201 1396 Nat.
1225 1355 1338 1405 XIX,
1361 1361 1452 1407 269,
1476 1359 1565 1401 tab.
1593 1363 1654 1410 16,
1676 1360 1748 1413 fig.
1771 1365 1794 1403 2
1814 1363 1891 1405 sub

317 1398 508 1451 Spartio)
535 1405 677 1442 erecta
701 1404 828 1444 ramis
856 1405 1029 1455 strictis,
1059 1406 1229 1449 fioribus
1258 1410 1363 1451 albis
1397 1411 1439 1451 in
1470 1411 1688 1455 fasciculos
1708 1414 1894 1458 breviter

345 1451 616 1495 edunculatos
639 1454 864 1507 dispositis,
889 1458 1040 1518 calycis
1056 1459 1252 1502 dentibus
1266 1462 1351 1504 late
1366 1467 1408 1504 et
1421 1464 1606 1506 breviter
1623 1467 1891 1520 triangulari-

345 1515 408 1553 us,
444 1506 587 1547 carina
618 1508 879 1550 acutiuscula
913 1511 989 1552 ahs
1020 1511 1224 1563 breviore,
1260 1514 1470 1567 legumine
1499 1517 1676 1560 obovato
1709 1520 1891 1574 abrupte

315 1562 574 1607 mucronato,
603 1561 811 1613 epicarpio
839 1562 1062 1607 chartaceo
1093 1565 1200 1615 laevi,
1231 1568 1481 1621 endocarpio
1509 1570 1697 1613 obsoleto
1738 1574 1791 1625 ⁴5.
1828 1574 1886 1616 R.

313 1608 490 1652 Durioei
510 1611 643 1654 Webb
662 1612 786 1666 Phyt.
810 1614 914 1657 Can.

372 1681 465 1716 Hab.
501 1683 537 1717 in
572 1683 741 1727 palmetis
774 1686 821 1720 ad
854 1687 1033 1723 Mandara
1066 1700 1181 1733 prope
1219 1691 1484 1728 Alexandriam
1519 1695 1673 1740 AEgypti
1705 1696 1888 1734 inferioris

323 1726 646 1820 ξξὲἕιέιὲηόίὲξεῗ)ἶ),
666 1732 703 1765 in
722 1732 922 1769 Palaestina
940 1736 1095 1771 australi
1112 1737 1159 1771 ad
1174 1737 1297 1772 Kerek
1313 1739 1425 1783 (Roth
1443 1742 1542 1785 3711)
1563 1750 1598 1777 et
1612 1742 1659 1777 ad
1673 1744 1776 1779 Mare
1792 1745 1887 1780 Mor-

369 1839 514 1882 Species
533 1840 580 1875 R.
597 1841 738 1876 Raetam
755 1843 893 1889 similis,
909 1845 973 1880 sed
991 1845 1141 1882 floribus
1159 1848 1270 1892 paulo
1284 1851 1484 1895 majoribus
1499 1852 1651 1898 donata3
1668 1860 1765 1889 notae
1783 1855 1884 1892 diffe-

322 1886 495 1921 rentiales
516 1897 535 1922 e
554 1886 644 1923 flore
665 1889 865 1934 desumptae
886 1892 990 1927 nimis
1010 1893 1108 1929 leves
1128 1895 1307 1941 videntur,
1328 1898 1391 1933 sed
1418 1899 1601 1943 legumina
1625 1901 1768 1937 diversa
1788 1910 1883 1948 sunt,

320 1932 357 1965 in
376 1932 422 1967 R.
441 1933 581 1968 Raetam
602 1935 773 1980 elongata
791 1943 827 1972 et
847 1940 978 1974 sensim
998 1942 1206 1977 acuminata
1231 1954 1298 1979 nec
1325 1950 1366 1979 ut
1393 1945 1430 1980 in
1458 1946 1503 1981 R.
1534 1950 1779 1993 monospermd
1805 1961 1882 1986 car-

321 1989 420 2023 nosa,
452 1980 515 2015 sed
548 1982 768 2027 endocarpio
793 1984 930 2021 donata
959 1992 995 2021 et
1023 1989 1208 2033 rugulosa,
1234 1991 1270 2025 in
1296 1991 1343 2027 R.
1370 1992 1515 2028 Duriaei
1541 1994 1699 2031 obovata
1726 1997 1884 2042 abrupte

319 2033 546 2109 mucronatad
559 2029 756 2066 chartacea
788 2031 905 2068 laevia.
934 2035 1033 2070 Area
1064 2037 1311 2081 geographica
1342 2041 1532 2085 utriusque
1563 2044 1697 2086 speciei
1725 2044 1879 2081 ulterius

319 2073 521 2119 investigari
550 2086 582 2110 a.

365 2136 433 2171 Ar.
452 2137 595 2181 Geogr.
614 2140 741 2176 Africa
760 2141 931 2178 borealis.

227 2289 290 2335 39,
325 2288 543 2330 Genista
563 2293 970 2344 acanthoclada‚
992 2295 1101 2338 adde
1124 2310 1132 2338 ε

362 2375 455 2410 Hab.
475 2376 522 2411 ad
538 2377 842 2415 Palaeocastrizza
860 2382 1027 2428 Corcyrae
1049 2384 1237 2428 (Letourn.
1250 2387 1284 2432 !).

223 2525 287 2571 39,
322 2524 376 2563 G.
398 2525 727 2576 sphacelata,
751 2528 860 2571 adde
882 2543 890 2571 :

359 2596 451 2642 Hab.
471 2609 508 2643 in
526 2610 707 2646 montibus
728 2612 836 2657 Cypri
852 2614 947 2649 inter
966 2615 1248 2662 Pentadactylos
1267 2625 1303 2654 et
1320 2620 1484 2665 Epictios
1507 2624 1612 2662 (Sint.
1634 2630 1669 2659 et
1686 2625 1779 2671 Rigo
1796 2637 1872 2663 exs.

312 2653 376 2688 sub
397 2654 441 2689 G.
461 2657 766 2703 acanthoczaddl),
783 2661 902 2695 insula
922 2661 1131 2706 Karpathos
1148 2666 1349 2711 (Pichler!).

218 2803 283 2849 40,
319 2801 372 2841 G.
393 2801 688 2853 Anatolica,
712 2805 821 2848 adde
843 2820 850 2848 :

354 2888 446 2922 Hab.
467 2889 503 2923 in
523 2900 610 2935 agro
631 2892 790 2936 Trojano
811 2895 857 2929 ad
880 2895 1091 2932 Dardanum
1113 2900 1214 2941 (Sint.
1226 2902 1259 2944 l).
