2115 3250
210 207 427 253 Erysimum.
933 218 1157 242 unveisans.
1835 207 1879 242 39

227 289 296 323 Pag.

205 1758 281 1797 202
288 1788 297 1804 ,

201 2781 278 2820 203
285 2811 293 2826 ,

313 342 553 390 linearibus,
588 341 764 383 racemis
797 341 963 382 demum
996 342 1244 393 longissimis
1276 342 1448 390 strictis,
1481 342 1692 394 pedicellis
1724 342 1880 383 brevis-

312 395 440 442 simis,
462 394 602 447 calyce
621 395 832 435 bisaccato
851 394 1085 446 petalisque
1104 395 1339 446 purpureis,
1363 394 1521 446 siliquis
1540 394 1793 435 brevissimis
1815 395 1879 434 axi

312 447 522 499 adpressis
541 447 965 498 oblongo-linearibus
986 459 1011 487 a
1030 447 1162 487 latere
1179 447 1424 498 compressis
1445 446 1552 499 stylo
1574 447 1632 487 eis
1648 446 1881 498 aequilongo

311 499 534 552 superatis,
556 499 685 540 valvis
706 499 1013 540 navicularibus
1034 500 1234 540 carinatis
1261 503 1318 546 Ql.

370 569 462 603 Hab.
482 570 518 603 in
536 569 670 604 ditione
691 568 803 603 Gebel
825 569 945 603 Abiad
966 568 1101 603 deserti
1122 569 1169 603 ad
1190 569 1396 614 Palmyram
1415 568 1529 612 (Bl.!).

370 634 426 667 Ex
453 634 645 677 specimine
665 633 772 668 valde
792 634 1010 676 incompleto
1032 633 1265 677 descriptum.
1284 635 1429 677 Species
1455 634 1603 677 insignis
1622 632 1715 667 facie
1734 633 1881 666 Hirsch-

323 681 470 724 feldiam
504 681 561 715 vel
592 680 779 725 Syreniam
803 681 1040 723 sessilisloram
1071 680 1245 715 referens.
1275 681 1392 716 Ovula
1429 680 1613 723 biseriata,
1646 679 1708 714 sed
1746 680 1883 713 semina

325 733 469 762 matura
503 728 713 771 uniseriata,
742 732 912 762 caeterum
946 727 1024 762 haec
1055 734 1141 762 nota
1176 728 1292 762 minus
1320 728 1440 772 gravis
1474 732 1509 761 et
1537 727 1687 772 Syrenm
1713 726 1882 772 Erysimo

323 775 586 818 conjungenda.
617 775 746 810 Caules
766 785 845 808 cum
869 775 1021 808 racemis
1046 775 1383 818 6·lO-pollicaribus
1414 774 1651 818 1-2-pedales,
1671 773 1760 807 folia
1787 773 1882 807 radi-

325 822 419 856 calia
447 822 506 855 vix
536 822 703 865 pollicem
734 822 843 865 longa
874 824 889 855 1
908 820 985 860 ¹l2-2
1001 822 1116 856 lineas
1133 823 1237 865 apice
1258 822 1345 865 lata,
1366 822 1497 865 siliqua
1517 832 1593 855 cum
1614 821 1707 866 stylo
1730 823 1749 854 5
1766 821 1881 854 lineas

326 869 445 913 longa,
466 869 581 903 valvae
599 868 676 904 fere
694 874 769 903 tres
786 869 900 903 lineas
918 869 1046 912 longae.

366 1013 422 1052 Ε.
445 1012 915 1053 hirschfeldioides
936 1012 1085 1062 (Boiss.
1110 1016 1152 1054 et
1172 1013 1375 1063 Haussk.)
1395 1014 1505 1066 pube
1526 1013 1726 1065 adpressa
1743 1013 1882 1064 bipar-

311 1065 393 1106 tita
412 1064 465 1105 ad
485 1064 655 1116 siliquas
676 1067 819 1107 autem
839 1065 1008 1106 stellata
1026 1068 1201 1118 patente
1218 1078 1382 1115 canum,
1402 1066 1589 1106 caulibus
1604 1066 1754 1107 erectis
1772 1065 1884 1106 diva-

311 1118 476 1158 ricatim
517 1117 693 1158 ramosis
708 1149 718 1166 ,
761 1117 868 1159 foliis
911 1122 1090 1170 anguste
1127 1119 1374 1167 linearibus,
1414 1118 1625 1171 pedicellis
1667 1118 1879 1166 brevibus,

310 1170 459 1222 petalis
479 1170 603 1211 luteis
629 1170 1015 1223 obovato-oblongis
1045 1171 1184 1224 calyce
1216 1172 1428 1213 bisaccato
1459 1172 1584 1224 duplo
1609 1171 1880 1223 longioribus,

310 1223 486 1264 racemis
517 1222 744 1264 fructiferis
772 1223 894 1264 valde
925 1224 1146 1277 elongatis,
1183 1225 1341 1277 siliquis
1366 1225 1620 1266 brevissimis
1646 1224 1835 1276 oblongis
1859 1236 1883 1264 a

309 1276 442 1317 latere
462 1277 707 1328 compressis
725 1277 833 1329 stylo
854 1278 971 1318 tenui
990 1278 1048 1318 eis
1069 1277 1257 1330 longiore
1276 1279 1499 1330 superatis,
1522 1277 1695 1319 valvulis
1715 1277 1883 1318 navicu-

308 1329 467 1370 laribus
488 1329 678 1370 concavis
705 1333 763 1377 Qi.

367 1400 462 1436 Hab.
482 1401 519 1434 in
534 1401 809 1445 Mesopotamiae
830 1401 973 1436 deserto
993 1401 1093 1437 fluvii
1113 1403 1261 1437 Chabur
1282 1401 1452 1446 (Haussk.
1465 1403 1499 1447 !).

370 1463 501 1499 Caules
520 1463 682 1508 pedales,
699 1465 833 1499 racemi
853 1465 1034 1500 fructiferi
1053 1467 1337 1510 3-4-pollicares,
1358 1466 1498 1510 siliquae
1517 1465 1689 1509 (nondum
1715 1465 1882 1507 maturae)

321 1513 343 1545 2
359 1510 393 1553 ¹l²
424 1511 537 1545 lineas
566 1511 695 1555 longae,
722 1511 837 1556 stylus
861 1514 882 1547 3
915 1513 1030 1547 lineas
1059 1513 1198 1557 longus.
1225 1513 1353 1548 Facies
1378 1514 1521 1548 omnino
1547 1513 1807 1556 Hirschfeldiae,
1837 1512 1882 1546 ab

322 1558 369 1592 E.
389 1558 619 1593 Blancheano
640 1558 741 1593 affini
760 1560 870 1593 ramis
901 1559 1120 1604 divaricatis,
1140 1560 1290 1595 floribus
1314 1560 1427 1604 flavis,
1463 1560 1594 1603 siliqua
1620 1560 1703 1604 pilis
1727 1559 1883 1594 stellatis

321 1615 388 1640 nec
406 1604 591 1648 bipartitis
609 1605 738 1649 obsita,
758 1607 873 1641 valvis
891 1607 1060 1641 convexis
1080 1618 1146 1642 nec
1164 1608 1336 1642 carinatis
1358 1608 1576 1642 distinctum.

328 1759 424 1808 post
446 1757 502 1796 Ε.
526 1756 765 1808 gelidum
784 1757 920 1799 insere
942 1770 951 1798 ε

365 1844 416 1883 E.
445 1843 703 1895 frigidum
733 1844 883 1894 (Boiss.
913 1848 956 1886 et
987 1845 1192 1896 Haussk.)
1225 1846 1336 1898 pube
1366 1846 1571 1898 bipartita
1596 1845 1798 1898 adpressa
1829 1846 1884 1887 ad

309 1895 480 1948 siliquas
512 1896 606 1949 pilis
639 1896 900 1938 3-4-furcatis
931 1898 1175 1939 intermixta.
1206 1910 1444 1945 canescens,
1479 1899 1667 1940 caulibus
1694 1911 1717 1939 e
1743 1898 1883 1940 radice

310 1949 427 1989 tenui
445 1949 634 1990 verticali
654 1948 763 1990 infra
781 1950 965 1991 rosulam
985 1951 1172 1992 oriundis
1192 1951 1515 1993 ascendentibus
1535 1951 1702 2004 pumilis
1728 1951 1885 2004 simpli-

311 2001 427 2060 cibus
457 2001 711 2054 paucifloris,
747 2001 855 2044 foliis
882 2004 1021 2055 parvis
1050 2004 1239 2045 obovatis
1271 2008 1314 2046 et
1345 2004 1808 2057 oblongo-spathulatis
1839 2005 1884 2045 in

308 2053 509 2106 petiolum
540 2054 711 2107 longum
744 2057 976 2097 attenuatis
1011 2057 1185 2098 caulinis
1217 2057 1362 2109 paucis
1392 2057 1635 2106 linearibus,
1669 2056 1883 2109 pedicellis

309 2106 449 2159 calyce
475 2107 542 2147 vix
570 2110 738 2149 saccato
765 2107 936 2150 dimidio
964 2109 1240 2158 brevioribus
1268 2110 1419 2162 petalis
1448 2109 1566 2152 flavis
1592 2110 1715 2162 longe
1734 2111 1883 2162 ungui-

309 2159 458 2200 culatis
479 2159 619 2213 calyce
640 2159 767 2213 duplo
787 2161 1059 2213 longioribus,
1076 2174 1243 2204 racemo
1257 2163 1373 2204 brevi
1394 2163 1501 2211 laxo,
1524 2163 1684 2215 siliquis
1703 2167 1884 2215 anguste

310 2212 536 2253 linearibus
589 2212 917 2266 subcompressis
971 2215 1080 2267 stylo
1132 2216 1406 2258 crassiusculo
1459 2228 1604 2258 earum
1659 2215 1883 2257 latitudine

309 2265 638 2364 sesquilpffgiore
674 2266 824 2307 obtuso
861 2268 1122 2317 terminatis,
1162 2280 1289 2309 nervo
1331 2268 1590 2310 valvularum
1623 2269 1688 2309 vix
1730 2269 1884 2321 promi-

307 2329 389 2359 nen
412 2330 434 2358 e
520 2350 529 2359 .

319 2387 523 2478 (Hilffsz‘kiss
545 2388 773 2432 rupestribus
798 2388 941 2434 frigidis
966 2391 1096 2425 montis
1117 2391 1241 2426 Sawus
1270 2392 1404 2426 Persiae
1430 2391 1666 2426 occidentalis
1696 2393 1872 2426 10-12000

366 2499 539 2534 Plantula
555 2499 649 2534 facie
667 2500 713 2534 E.
731 2501 923 2545 mutabilis,
944 2500 1034 2536 folia
1050 2502 1255 2537 rosularum
1270 2502 1435 2537 conferta
1449 2503 1642 2547 pollicaria
1656 2503 1760 2547 apice
1773 2502 1877 2543 2-2¹,‘2

320 2546 435 2580 lineas
463 2546 701 2590 lata,‘caules
727 2557 807 2582 cum
834 2558 978 2583 racemo
1004 2548 1194 2584 fructifero
1221 2550 1505 2593 3-4·pollicares‚
1533 2549 1643 2585 flores
1668 2549 1881 2593 mediocres,

321 2593 452 2637 siliqua
475 2593 662 2636 pollicaris
691 2594 751 2628 vix
777 2594 961 2629 dimidiam
991 2595 1124 2630 lineam
1154 2596 1241 2631 lata.
1269 2596 1390 2631 Affine
1421 2598 1468 2631 E.
1495 2597 1620 2642 qelido,
1646 2597 1710 2632 sed
1742 2597 1881 2640 siliquae

320 2641 501 2675 tenuiores
521 2640 716 2685 longiores,
738 2642 854 2686 stylus
875 2643 1042 2687 crassior,
1064 2644 1195 2687 stigma
1215 2654 1286 2678 non
1305 2644 1479 2678 bilobum.

325 2779 383 2819 Ε.
406 2780 757 2831 caespitosum
776 2793 786 2822 ι

364 2866 435 2901 Pili
450 2867 628 2911 tripartiti
646 2869 742 2904 inter
758 2869 955 2914 bipartitos
974 2870 1022 2905 ad
1041 2870 1130 2905 folia
1148 2870 1322 2906 inferiora
1336 2877 1372 2906 et
1385 2871 1597 2916 siliquarum
1614 2876 1757 2916 partem
1775 2882 1879 2915 supe-

318 2913 449 2995 {iorlecxln
474 2915 680 2996 pauftsissimi
700 2916 833 2951 adsunt
860 2923 895 2951 et
920 2916 1001 2952 ideo
1022 2918 1100 2953 haec
1120 2919 1257 2962 species
1278 2918 1324 2953 ad
1344 2929 1490 2963 gregem
1518 2924 1727 2963 sequentem
1747 2919 1879 2953 Homo—

336 2971 386 2995 ηε
452 2971 551 3006 verg1
572 2988 580 2996 .
598 2989 603 2991 .
