2094 3351
199 252 221 287 8

219 333 289 366 Png.

225 559 290 603 34,

223 1426 288 1471 35,

225 2667 290 2713 35,

221 2931 286 2976 36,

881 261 1198 286 RANUNCULAGEAE.
1637 251 1878 288 Ranunculus.

319 384 452 418 dictum
492 383 646 427 dubitat,
683 383 746 419 sed
783 383 942 428 calycem
977 383 1159 418 interdum
1192 383 1525 428 patenti-reflexum
1560 386 1596 419 in
1625 384 1880 429 speciminibus

317 432 482 475 genuinis
502 431 638 465 Graecis
658 430 703 465 R.
720 430 961 474 Smneriani
979 430 1095 465 video.

322 558 417 607 post
439 555 497 595 R.
519 554 756 595 Aucheri
777 555 915 595 insere
936 566 945 594 :

360 640 419 680 R.
454 639 810 691 Aifqhanicus
836 638 993 688 (Aitch.
1023 642 1068 680 et
1092 638 1291 691 Hemsley
1315 638 1463 680 Journ.
1491 638 1614 680 Linn.
1644 638 1737 680 Soc.
1766 639 1879 687 XIX,

305 705 346 744 p.
387 693 479 743 148)
513 691 666 732 radicis
701 691 816 732 fibris
849 691 1032 733 carnosis
1067 691 1319 751 cylindricis,
1358 691 1477 733 caule
1506 691 1652 733 humili
1685 691 1882 744 adpresse

305 745 437 797 piloso
457 744 665 793 4-6-floro,
697 744 803 785 foliis
825 744 1186 796 glabrescentibus
1209 745 1494 785 crassiusculis
1522 744 1774 785 radicalibus
1796 744 1883 785 lon-

306 798 495 849 giuscule
523 797 737 850 petiolatis
766 796 1305 838 orbiculari-reniformibus
1337 796 1520 838 2-3-fidis
1545 797 1650 838 lobis
1683 796 1884 848 irregula-

305 851 409 892 riter
429 850 612 891 crenatis
634 850 807 891 caulinis
835 850 978 902 paucis
1004 850 1177 890 minutis
1207 850 1430 902 tripartitis
1453 849 1613 891 laciniis
1639 849 1880 898 linearibus,

305 903 457 955 sepalis
492 903 627 943 ovatis
681 903 897 944 atentibus
925 902 1066 955 pilosis
1093 903 1283 954 margine
1307 901 1475 954 hyalino
1504 903 1704 950 colorato,
1733 902 1883 962 petalis

303 957 469 1008 magnis
498 955 643 996 orbicu
662 956 949 1003 ari-obovatis,
975 955 1090 1007 spica
1112 955 1555 1008 oblongo-cylindiica,
1584 955 1766 996 acheniis
1791 955 1884 1007 (im-

304 1008 503 1060 maturis)
524 1020 650 1061 parce
670 1009 857 1061 pilosulis
877 1008 1181 1049 orbicularibus
1201 1009 1448 1060 compressis
1466 1008 1652 1049 breviter
1667 1008 1884 1049 uncinato-

303 1062 501 1102 rostratis
524 1065 561 1108 Ql
574 1093 583 1102 .
601 1061 659 1103 R.
680 1061 901 1114 (λίνω-,σωκ
920 1060 1057 1102 Aitch.
1080 1060 1229 1102 Journ.
1251 1060 1374 1101 Linn.
1398 1060 1491 1102 Soc.
1509 1060 1649 1102 XVIII
1664 1072 1744 1101 non
1762 1059 1879 1101 Jord.

364 1133 459 1168 Hab.
476 1134 512 1168 in
526 1134 642 1178 pratis
654 1133 857 1168 Karchatal
868 1133 974 1168 vallis
987 1132 1127 1167 Kuram
1141 1132 1347 1177 Affghaniae
1361 1134 1486 1167 10000'
1497 1132 1659 1177 (Aitna).
1675 1133 1770 1176 (Non
1784 1132 1881 1176 vidi.)

364 1199 490 1234 Caulis
510 1198 786 1242 4-6-pollicaris,
804 1197 973 1232 foliorum
995 1198 1132 1232 lamina
1152 1197 1259 1232 diam.
1282 1197 1603 1241 l-l¹l2-pollicaris,
1624 1196 1732 1232 flores
1752 1197 1883 1232 diame-

315 1251 374 1280 tro
397 1248 501 1280 10-11
526 1245 641 1280 lineas
671 1246 749 1280 lati.
770 1245 816 1279 R.
835 1245 993 1280 Aueheri
1016 1244 1133 1280 forma
1158 1246 1275 1279 minor
1295 1245 1330 1279 in
1356 1245 1561 1289 Affghaniae
1581 1250 1702 1279 monte
1718 1245 1883 1281 Sikaram

318 1294 508 1328 11-13000‘
525 1303 669 1337 quoque
690 1293 819 1327 crescit
839 1292 976 1336 (Aitch.
989 1292 1023 1335 !).

320 1426 414 1475 post
436 1424 494 1463 R.
517 1423 917 1464 millefoliatum
937 1422 1075 1463 insere
1098 1435 1106 1462 :

357 1511 416 1550 R.
462 1510 924 1560 Spreitzenhoferi
957 1509 1123 1560 (Heldr.
1159 1508 1277 1550 Oest.
1312 1508 1408 1549 Bot.
1444 1509 1550 1549 Zeit.
1588 1511 1704 1557 1878,
1739 1521 1780 1561 p.
1816 1508 1883 1556 50)

303 1562 418 1604 fibris
440 1563 695 1603 radicalibus
717 1563 923 1614 elongatis
944 1562 1128 1603 tenuiter
1148 1561 1398 1614 cylindricis,
1422 1561 1542 1602 caule
1560 1560 1760 1609 1—5-floro,
1778 1560 1884 1602 foliis

304 1616 598 1668 glabriusculis
637 1615 702 1656 vel
738 1616 924 1656 breviter
960 1614 1175 1667 puberulis
1213 1614 1468 1656 radicalibus
1506 1614 1630 1667 longe
1673 1614 1884 1666 petiolatis

303 1668 645 1721 primordialibus
664 1668 1100 1710 cordato-orbiculatis
1116 1667 1342 1720 tripartitis
1361 1667 1591 1719 segmentis
1608 1667 1756 1708 obtuse
1772 1667 1885 1708 loba-

304 1722 357 1762 tis
378 1721 625 1762 lateralibus
651 1721 881 1773 bipartitis,
910 1720 1017 1761 foliis
1050 1721 1213 1761 caeteris
1242 1720 1282 1760 in
1304 1720 1476 1761 lacinias
1507 1720 1884 1771 oblongo-lineares

303 1775 476 1815 obtusas
497 1775 704 1827 pinnatim
733 1774 1042 1826 decompositis,
1072 1773 1247 1814 caulinis
1273 1772 1489 1814 diminutis
1514 1773 1557 1813 in
1582 1773 1756 1814 lacinias
1784 1785 1885 1825 pau-

305 1839 374 1868 cas
395 1828 576 1868 lineares
596 1828 736 1876 sectis,
757 1826 929 1868 floribus
979 1827 1103 1875 arvis,
1125 1826 1278 1878 sepalis
1299 1825 1420 1866 dorso
1447 1825 1644 1878 adpresse
1670 1825 1884 1878 puberulis

304 1880 531 1933 adpressis,
551 1880 702 1933 petalis
724 1839 1113 1931 obovato-oglongis
1133 1879 1316 1930 calycem
1339 1890 1420 1919 non
1439 1879 1749 1930 superantibus,
1770 1879 1885 1931 spica

303 1933 523 1974 fructifera
557 1933 757 1985 elliptica‚
797 1932 989 1985 carpellis
1024 1932 1356 1984 triangularibus
1386 1933 1570 1972 tenuiter
1598 1932 1812 1984 punctatis
1841 1932 1884 1972 in

303 1991 487 2027 rostrum
508 1990 670 2027 rectum
687 1987 805 2038 apice
820 1986 887 2026 vix
906 1997 1128 2026 recurvum
1149 1985 1207 2025 eis
1227 1985 1294 2025 vix
1309 1984 1478 2026 brevius
1498 1985 1730 2026 attenuatis
1758 1987 1816 2032 Ql.

362 2058 456 2092 Hab.
475 2059 511 2092 in
533 2057 707 2101 lapidosis
728 2058 859 2091 montis
877 2057 1014 2101 Hagios
1031 2056 1137 2091 Deka
1159 2057 1326 2101 Corcyrae
1349 2057 1450 2091 1500‘
1472 2055 1831 2100 (Spreitzenhoferl).

361 2121 484 2156 Caulis
503 2121 803 2164 5-10-pollicaris,
822 2119 991 2154 foliorum
1010 2120 1154 2154 laminae
1179 2120 1252 2159 'jz-1
1276 2119 1447 2164 pollicem
1465 2119 1572 2154 diam.
1593 2119 1691 2153 latae.
1707 2118 1764 2153 Ab
1783 2118 1883 2153 affini

314 2168 360 2203 R.
375 2169 598 2211 millefoliaco
615 2167 716 2202 fibris
734 2167 955 2201 radicalibus
974 2166 1143 2201 tenuibus
1163 2167 1341 2210 elongatis
1360 2177 1426 2201 nec
1443 2167 1572 2209 ovatis,
1590 2166 1714 2211 calyce
1731 2165 1884 2209 hirsuto,

314 2216 468 2259 carpelli
489 2221 608 2250 rostro
630 2215 800 2259 elongato
821 2214 898 2249 fere
916 2220 1028 2257 recto,
1048 2225 1069 2248 a
1088 2214 1133 2248 R.
1154 2214 1279 2258 Ayerii
1297 2214 1421 2258 calyce
1440 2224 1512 2248 non
1529 2213 1665 2248 reflexo
1681 2213 1882 2248 distinctus.

314 2263 359 2297 R.
391 2262 618 2307 Garyanicws·
643 2263 731 2296 Ten.
759 2262 814 2296 Fl.
847 2262 942 2305 Nap.
969 2261 1045 2295 tab.
1079 2263 1144 2295 146
1177 2261 1256 2304 (sub
1285 2261 1330 2296 R.
1360 2261 1557 2303 Ihomasii)
1583 2261 1639 2294 cui
1671 2261 1716 2295 R.
1753 2259 1886 2295 Canuti

315 2311 450 2345 Cosson
474 2311 508 2344 in
537 2309 626 2344 Ard.
654 2309 709 2343 Fl.
740 2309 825 2353 Alp.
852 2310 944 2343 Mar.
977 2319 1060 2352 pag.
1092 2310 1134 2342 16
1161 2308 1435 2352 conjungendus
1465 2318 1543 2343 esse
1574 2307 1718 2342 videtur
1749 2312 1883 2342 nostrae

314 2358 446 2401 speciei
466 2357 594 2391 habitu
615 2362 651 2391 et
671 2356 767 2391 foliis
786 2357 971 2400 proximus
992 2355 1115 2390 differt
1132 2355 1377 2399 carpellorum
1397 2360 1516 2390 rostro
1530 2355 1632 2390 brevi
1647 2359 1809 2390 curvato.
1826 2356 1883 2389 An

314 2410 435 2439 tamen
455 2405 594 2448 species
616 2404 812 2438 distincta‘.>

354 2470 392 2521 β.
414 2466 707 2508 nzasrrantlms.
729 2490 781 2494 -
802 2465 950 2506 Petala
970 2465 1153 2519 calycem
1172 2465 1431 2518 superantia.

360 2537 453 2572 Hah.
475 2538 510 2572 in
530 2537 649 2572 insula
670 2538 830 2582 Corcyra
851 2536 1147 2580 (Letourneuxl).

323 2663 382 2703 R.
404 2663 574 2711 Millii,
599 2662 708 2703 adde
730 2675 738 2702 :

360 2750 454 2785 Hab.
487 2751 522 2784 in
552 2749 707 2784 collibus
732 2749 985 2785 humilioribus
1016 2749 1111 2784 inter
1142 2754 1300 2784 montem
1326 2749 1500 2784 Ithomem
1527 2754 1564 2784 et
1594 2759 1729 2793 pagum
1755 2749 1883 2783 Pentia

312 2798 505 2832 Messeniae
524 2798 575 2835 (C.
595 2798 791 2841 Lacaital).

319 2927 378 2967 R.
402 2926 955 2976 Hierosolymitanus,
978 2925 1087 2967 adde
1107 2924 1244 2966 locum
1270 2936 1279 2964 :

361 3016 545 3060 AEgyptus
565 3015 611 3049 ad
631 3015 892 3049 Alexandriam
911 3014 1207 3059 (Schlumberger
1220 3014 1254 3059 !).

360 3080 504 3123 Species
527 3089 548 3113 a
568 3078 612 3113 R.
633 3079 867 3124 myriophyllo
888 3077 1010 3113 forsan
1031 3088 1101 3112 non
1122 3082 1179 3112 sat
1200 3077 1382 3112 distincta.
