2115 3250
183 240 399 277 Centaurea.
904 251 1127 276 COMPOSITAE.
1792 240 1862 276 315

181 321 253 356 Pag.

348 374 630 418 Sesquipedalis.
651 375 707 408 Ex
734 375 776 409 cl.
798 379 947 408 auctore
974 373 1092 408 affinis
1117 372 1152 409 Ο.
1175 374 1389 418 cyrtolepidi
1418 374 1589 417 capitulis
1612 373 1723 417 duplo
1749 374 1862 418 majo-

299 421 601 504 fiiilgpisigtngolucri
616 421 878 465 appendicibus
896 421 1054 465 pallidis,
1070 421 1180 464 spinis
1198 421 1313 456 multo
1328 420 1552 465 longioribus
1571 426 1605 455 et
1624 421 1864 455 crassioribus

182 601 273 647 668,
309 600 363 639 C.
385 598 656 650 rupestris
676 601 714 653 β.
735 597 1004 646 subincrmis,
1028 597 1137 638 adde
1160 610 1168 638 :

345 686 440 720 Hab.
460 687 497 720 in
516 691 638 721 monte
659 686 724 721 Ida
744 686 898 720 Troadis
920 687 1024 729 (Sint.
1046 687 1159 729 508!).

182 819 273 865 670,
304 820 400 869 post
422 818 474 857 C.
499 817 928 858 Haussknechtii
948 817 1085 858 insere
1107 829 1115 857 z

178 1840 268 1888 675,

177 2061 268 2108 678,

343 903 396 943 C.
421 902 644 943 Doddsii
667 902 787 954 (Post
812 903 852 943 in
880 902 984 951 litt.)
1016 902 1175 950 viridis,
1211 902 1329 943 caule
1362 902 1472 942 elato
1504 913 1629 953 parce
1662 913 1866 942 araneoso

285 953 430 995 folioso
465 955 641 1007 simplici
677 958 838 996 remote
876 959 919 996 et
953 955 1225 1007 subspicatim
1263 954 1567 1006 8-14-cephalo,
1599 953 1706 994 foliis
1733 953 1866 995 firmis

285 1008 445 1048 minute
483 1012 527 1048 et
557 1008 736 1059 sparsim
768 1008 981 1060 papillosis
1020 1007 1273 1048 radicalibus
1311 1008 1436 1059 longe
1473 1007 1686 1058 petiolatis
1722 1011 1866 1048 ovato-

287 1059 475 1112 oblongis
509 1060 691 1102 cordatis
723 1061 899 1112 integris
936 1060 998 1101 vel
1036 1060 1340 1112 subrepandis,
1384 1060 1558 1101 caulinis
1597 1059 1865 1101 inferioribus

285 1112 727 1165 oblongo-lanceolatis
749 1114 883 1154 acutis
903 1113 945 1154 in
965 1113 1166 1165 petiolum
1195 1117 1373 1165 anguste
1401 1113 1561 1153 alatum
1587 1113 1678 1153 basi
1712 1112 1865 1154 subde-

285 1169 523 1207 currentem
547 1166 670 1218 longe
696 1166 942 1214 attenuatis,
965 1166 1249 1218 superioribus
1275 1166 1489 1207 sessilibus
1516 1166 1744 1206 linearibus
1771 1177 1863 1206 sen-

284 1218 362 1259 sim
383 1218 614 1267 diminutis,
638 1219 832 1271 capitulis
853 1219 1147 1260 subsessilibus
1164 1219 1328 1270 magnis
1344 1219 1492 1268 ovatis,
1510 1218 1711 1259 involucri
1727 1218 1863 1270 glabri

284 1270 436 1324 phyllis
456 1272 498 1312 in
520 1271 773 1324 appendices
799 1272 1010 1312 coriaceas
1038 1272 1290 1313 stramineas
1316 1271 1472 1312 nitidas
1500 1275 1646 1312 ovatas
1673 1272 1865 1323 margine

286 1324 432 1365 crebre
452 1328 495 1365 et
513 1325 637 1377 louge
663 1325 1062 1377 pectinato-ciliatas
1083 1325 1201 1377 apice
1229 1325 1418 1377 spinosas
1440 1324 1709 1373 abeuntibus,
1733 1325 1866 1376 spinis

285 1377 481 1418 tenuibus
501 1377 849 1430 patenti-reflexis
869 1377 1106 1430 phyllorum
1132 1377 1480 1418 intermediorum
1502 1378 1560 1418 eis
1587 1377 1863 1429 longioribus,

284 1428 464 1471 flosculis
471 1462 569 1480 ......
593 1430 776 1471 acheniis
783 1463 862 1471 .....
888 1434 951 1479 (2).
981 1430 1028 1472 C.
1049 1430 1325 1484 polyceplzala
1346 1430 1447 1472 Post
1466 1431 1508 1471 in
1530 1430 1681 1472 Sched.

343 1500 437 1534 Hab.
458 1501 493 1535 in
511 1501 663 1544 planitie
684 1501 730 1535 ad
750 1501 992 1545 Antiochiam,
1007 1501 1054 1535 ad
1074 1501 1217 1536 radices
1236 1501 1368 1536 montis
1388 1500 1503 1536 Gebel
1526 1501 1558 1536 el
1577 1501 1738 1535 Achmar
1765 1505 1800 1535 et
1825 1501 1862 1534 in

296 1547 454 1582 vallibus
474 1549 606 1582 Amani
624 1549 736 1593 Syriae
759 1548 859 1590 (Post
874 1549 908 1591 !).

345 1612 467 1647 Caulis
482 1624 561 1647 cum
574 1613 674 1656 spica
685 1613 809 1657 pedali
821 1612 1051 1657 2-4-pedalis,
1067 1612 1237 1647 foliorum
1253 1613 1465 1648 radicalium
1482 1613 1617 1648 lamina
1633 1613 1862 1656 5-6-pollica-

296 1660 357 1703 ris,
379 1660 540 1703 capitula
562 1660 734 1701 (nondum
755 1659 918 1694 florifera
938 1666 1077 1694 tantum
1099 1660 1190 1702 visa)
1212 1672 1303 1695 nuce
1323 1661 1476 1704 majora.
1498 1660 1629 1695 Affinis
1655 1660 1691 1695 G.
1712 1661 1865 1704 spicatoe

302 1712 336 1741 et
361 1707 395 1742 (J.
415 1707 702 1743 Haussknechtii
722 1707 843 1742 differt
862 1707 958 1742 foliis
977 1708 1149 1752 indivisis,
1164 1708 1370 1752 phyllorum
1388 1709 1491 1752 spina
1507 1708 1621 1742 multo
1639 1709 1814 1742 tenuiore.

301 1840 355 1880 C.
377 1841 696 1890 raphanina,
722 1839 830 1881 adde
853 1853 861 1881 :

342 1927 435 1962 Hab.
450 1927 486 1961 in
505 1933 628 1962 monte
647 1928 808 1962 Volatha
828 1928 956 1963 insulae
976 1928 1188 1972 Karpathos
1207 1928 1409 1973 (Pichler!).

299 2063 395 2112 post
417 2061 469 2101 C.
492 2061 908 2112 chrysoleucam
929 2061 1066 2103 insere
1089 2074 1096 2102 :

337 2147 389 2186 C.
416 2147 675 2188 Parolinii
693 2148 780 2200 (Dc.
803 2147 952 2189 Prodr.
970 2148 1042 2197 VI,
1060 2161 1101 2200 p.
1123 2149 1218 2200 592)
1235 2148 1434 2200 adpresse
1455 2148 1866 2190 arachnoideo-cana

284 2199 517 2251 caespitosa,
530 2199 761 2241 rhizomate
776 2200 974 2241 indurato
986 2201 1243 2250 stolonifero,
1258 2201 1365 2242 foliis
1381 2202 1642 2243 surculorum
1654 2202 1862 2243 sterilium

282 2251 733 2304 oblongo-spathulatis
755 2253 940 2294 dentatis
961 2254 1000 2294 in
1029 2255 1231 2306 petiolum
1258 2255 1428 2296 brevem
1455 2255 1704 2303 attenuatis,
1735 2255 1862 2296 cauli-

280 2304 359 2345 bus
384 2304 610 2347 humilibus
641 2307 792 2348 erectis
817 2307 1127 2359 monocephalis
1161 2307 1214 2348 ad
1249 2308 1408 2360 apicem
1443 2319 1575 2360 usque
1609 2308 1864 2349 creberrime

283 2356 452 2405 foliatis,
475 2357 583 2399 foliis
603 2359 818 2400 sessilibus
838 2360 1156 2411 pinnatilobatis
1170 2360 1235 2401 vel
1249 2360 1505 2412 subintegris
1527 2361 1721 2414 crispatis
1742 2362 1866 2413 spina

283 2411 398 2451 tenui
436 2403 590 2452 flavida
626 2413 879 2461 terminatis,
921 2413 1114 2464 capitulis
1150 2414 1283 2454 ovatis
1320 2413 1622 2461 mediocribus,
1658 2415 1860 2455 involucri

282 2464 466 2515 squamis
500 2464 788 2506 arachnoideis
815 2466 935 2517 spina
966 2465 1075 2506 flava
1103 2466 1243 2507 valida
1272 2467 1331 2508 eis
1363 2467 1519 2519 pluries
1551 2467 1739 2515 longiore
1770 2467 1860 2508 basi

282 2516 479 2568 utrinque
498 2517 672 2569 spinulis
699 2521 767 2559 2-3
794 2519 919 2559 aucta
945 2519 1181 2560 terminatis
1208 2518 1475 2561 inferioribus
1505 2519 1668 2561 reflexis
1697 2521 1865 2561 caeteris

281 2569 540 2620 patentibus,
562 2569 743 2611 flosculis
763 2571 1014 2623 sulphureis,
1038 2571 1222 2613 acheniis
1228 2604 1308 2613 .....
1336 2577 1394 2619 Ql.

296 2638 493 2720 liulil'aginitn
506 2639 662 2731 ἕὸιξίιῗιιε
678 2642 890 2676 marmoreis
910 2642 1042 2676 montis
1063 2643 1132 2678 Szu
1150 2643 1240 2678 Szuz
1261 2642 1357 2687 dagh
1371 2643 1450 2688 jugi
1472 2643 1546 2678 Idae
1561 2643 1714 2678 Troadis
1736 2644 1860 2687 (Paro—

335 2767 373 2819 β.
396 2763 559 2818 alpina.
577 2789 630 2795 —-
649 2766 800 2808 Caules
821 2767 990 2808 floriferi
1023 2769 1330 2821 1-2-pollicares
1357 2770 1578 2822 pulvinati,
1601 2769 1700 2811 folia
1725 2771 1863 2822 magis

283 2816 464 2858 dissecta
482 2817 587 2859 lobis
607 2820 781 2871 spinulis
802 2821 1054 2862 terminatis.

340 2888 433 2923 Hab.
451 2889 487 2923 in
507 2891 691 2925 cacumine
712 2891 952 2926 Podchuscha
973 2892 1079 2936 Dagh
1097 2894 1229 2927 montis
1248 2893 1322 2927 Idae
1345 2894 1446 2936 (Sint.
1459 2894 1493 2937 !).

342 2953 473 2988 Caules
493 2954 528 2988 in
557 2954 673 2989 forma
694 2956 902 2998 proceriore
923 2957 1207 3000 4-5—pollicares,
1229 2957 1318 2992 folia
1349 2959 1494 2992 caulina
1526 2959 1587 2993 8-9
1613 2959 1728 2993 lineas
1750 2959 1863 3002 longa

294 3000 433 3044 apicem
455 3011 579 3035 versus
595 3002 723 3036 sensim
747 3002 935 3046 diminuta,
957 3004 1119 3047 capitula
1137 3004 1230 3039 facie
1257 3005 1293 3040 C.
1315 3006 1526 3049 sulphurem
