2115 3250
216 234 316 270 Rosa.
960 245 1141 269 nosiicmz.
1815 233 1883 271 205

214 315 253 342 Pa
275 335 283 342 .

216 323 305 426 6786,
799 376 849 417 A.
882 375 1292 418 CHORISTYLEAE

215 501 305 546 671,
792 495 916 537 SEc'r.
938 496 972 536 Ι.
1008 496 1310 536 Gallicanae.

374 603 409 641 1.
440 601 498 640 R.
525 600 726 640 Gallica
751 599 817 649 (L.
849 598 919 651 Sp.
950 601 1045 650 704)
1075 599 1296 640 fruticulus
1322 600 1407 640 late
1433 603 1580 640 trunco
1609 599 1897 640 subterraneo‘

317 664 466 705 repens
496 651 837 700 heteracanthus‚
866 652 1019 692 aculeis
1048 653 1229 692 curvatis
1258 652 1426 692 aciculis
1454 652 1744 704 glandulisque
1769 652 1884 704 stipi-

318 705 418 746 tatis
442 705 703 746 creberrimis
731 705 984 745 intermixtis
1013 705 1055 745 in
1076 704 1264 745 caulibus
1284 705 1582 746 vetustioribus
1603 704 1770 745 demum
1792 717 1883 744 eva-

318 757 439 806 nidis‚
468 757 788 810 macrophyllus‚
819 756 966 797 foliolis
994 760 1059 798 3-5
1086 757 1465 798 rotundato-ovatis
1495 757 1740 809 plerumque
1766 757 1885 797 obtu-

317 811 372 851 sis
410 810 686 851 subcoriaceis
724 809 1110 861 subpervirentibus
1148 810 1438 861 irregulariter
1475 821 1618 861 grosse
1655 809 1884 850 bidentatis

318 874 446 915 supra
465 862 621 915 glabris
641 861 749 903 infra
769 861 934 914 pallidis
962 862 1190 914 puberulis,
1220 863 1373 914 petiole
1401 863 1589 903 aculeato
1613 861 1882 913 pubescente,

316 915 480 967 stipulis
501 922 544 955 et
560 915 741 956 bracteis
763 915 952 966 angustis
981 926 1059 955 non
1092 914 1292 962 dilatatis,
1323 914 1493 955 floribus
1519 915 1716 955 solitariis
1748 915 1884 954 rarius

316 968 424 1008 binis
453 972 528 1008 aut
561 968 691 1008 ternis
719 968 841 1019 longe
869 967 1176 1019 pedunculatiS,
1210 967 1444 1019 pedunculo
1471 967 1735 1019 receptaculo
1767 979 1885 1019 sepa-

317 1020 449 1072 lisque
495 1020 621 1061 dense
664 1019 1085 1071 aculeato-hispidis,
1131 1020 1283 1071 sepalis
1329 1021 1533 1072 elongatis
1578 1018 1760 1060 foliaceis
1801 1019 1885 1060 late

316 1073 648 1125 appendiculatis
680 1072 858 1120 reflexis,
895 1072 1049 1113 corolla
1078 1074 1259 1113 maxima
1292 1074 1503 1125 purpurea
1528 1072 1592 1113 vel
1625 1072 1721 1113 laete
1747 1074 1881 1119 rosea,

314 1126 432 1178 stylis
459 1126 498 1166 in
527 1126 755 1177 capitulum
784 1128 1065 1166 tomentosum
1098 1125 1294 1174 redactis,
1326 1126 1491 1166 urceolo
1521 1129 1687 1166 maturo
1715 1124 1884 1176 globoso

317 1178 469 1230 sepalis
491 1178 693 1219 destituto
715 1177 984 1219 cinnabarino
1006 1177 1110 1218 duro
1130 1178 1195 1218 vix
1216 1189 1403 1218 carnoso.
1425 1201 1478 1206 ——
1496 1178 1553 1219 R.
1570 1177 1740 1231 pumila
1763 1176 1882 1229 Jacq.

315 1230 457 1271 Austr.
480 1230 569 1272 tab.
595 1234 684 1272 198.

373 1300 467 1334 Hab.
488 1301 523 1334 in
544 1300 794 1344 Peloponneso
816 1300 1006 1343 (Fauche),
1026 1301 1061 1334 in
1081 1300 1261 1335 montibus
1282 1300 1380 1334 Atho
1398 1300 1568 1343 (Griseb.)
1590 1304 1626 1334 et
1654 1299 1767 1334 Pindo
1786 1299 1882 1334 Grae-

325 1347 389 1428 tciale
409 1347 567 1438 bozgaliis
588 1348 770 1438 (lI){aussk.‚
791 1347 917 1382 Heldr.
939 1358 970 1381 a,
998 1347 1114 1391 1885),
1135 1347 1340 1391 Alemdagh
1367 1347 1459 1391 (Noe
1484 1347 1565 1390 802)
1589 1351 1624 1381 et
1644 1347 1763 1381 Tokat
1787 1349 1882 1381 Ana-

343 1405 362 1428 o
380 1405 424 1428 1ae
505 1405 536 1429 ie
566 1422 572 1428 .
634 1422 641 1428 .

325 1457 439 1539 Vffir.
472 1457 614 1512 fieogr.
641 1458 697 1492 Ab
727 1458 876 1502 Europa
913 1457 1031 1492 media
1063 1463 1098 1492 et
1135 1457 1484 1492 austr.-occidentali
1513 1457 1558 1491 ad
1590 1457 1815 1500 Hungariam
1848 1462 1882 1490 et

359 1517 379 1539 o
423 1516 553 1550 yniam.

367 1572 404 1623 β.
427 1568 710 1610 Provincialis
731 1568 832 1619 (Ait.
857 1568 970 1609 Kew.
988 1568 1054 1609 ed.
1074 1571 1111 1617 2,
1134 1568 1188 1616 Π,
1208 1568 1319 1619 261).
1336 1591 1386 1596 -
1403 1566 1554 1609 Differt
1570 1567 1719 1608 foliolis
1736 1567 1882 1618 amplis

314 1622 564 1663 micantibus
597 1623 791 1670 eleuatis,
828 1621 981 1662 corolla
1007 1621 1102 1662 laete
1130 1625 1204 1661 aut
1238 1622 1610 1673 vinoso-purpurea
1638 1620 1882 1672 plerumque

314 1675 556 1727 semiplena.
578 1698 631 1702 —-
651 1675 707 1715 R.
730 1674 949 1727 centifolia
968 1674 1100 1715 Boiss.
1123 1673 1186 1714 Fl.
1210 1673 1281 1715 Or.
1305 1673 1360 1722 II,
1384 1676 1475 1714 676.

372 1745 464 1779 Hab.
486 1746 521 1779 in
542 1745 695 1780 dumetis
715 1746 845 1779 montis
865 1746 925 1779 Pir
945 1745 1055 1779 Omar
1077 1744 1226 1779 Gudrun
1255 1744 1503 1778 Kurdistaniae
1525 1744 1698 1781 (Haussk.
1722 1743 1816 1786 368),
1836 1743 1881 1777 ad

302 1793 493 1837 Pyramum
513 1793 548 1826 in
568 1798 689 1826 monte
708 1792 787 1827 Nur
805 1793 938 1826 Ciliciae
956 1792 1002 1825 ad
1019 1792 1157 1826 fontem
1176 1791 1259 1836 (ΚΥ.
1280 1792 1405 1834 Suppl.
1424 1791 1494 1835 49).

373 1855 439 1890 Ar.
471 1855 613 1898 Geogr.
632 1865 716 1889 var.
739 1856 833 1890 Gall.
855 1866 940 1899 occ„
960 1866 1059 1899 mer„
1076 1856 1196 1890 Italia.

732 2007 857 2049 Scor.
881 2007 934 2048 ΙΙ.
968 2008 1180 2058 Pimpin
1189 2008 1352 2047 elleae.

855 2125 896 2154 a.
927 2112 1236 2154 EGLANTERIAE.

368 2205 405 2242 2.
439 2203 496 2241 R.
527 2202 673 2241 lutea
703 2200 827 2253 (Mill.
864 2200 993 2249 Dict„
1022 2207 1065 2241 n⁰
1102 2199 1167 2251 11)
1197 2198 1336 2240 frutex
1361 2198 1703 2247 hemi-acanthus,
1729 2199 1882 2239 aculeis

312 2255 438 2295 rectis
462 2254 656 2294 leviterve
676 2254 858 2294 curvatis
880 2253 1048 2294 aciculis
1069 2252 1264 2294 tenuibus
1279 2253 1545 2300 intermixtis,
1569 2251 1878 2304 microphyllus,

314 2307 462 2348 foliolis
484 2310 548 2348 5-7
570 2307 705 2347 rarius
730 2310 753 2347 9
774 2306 949 2347 obscure
970 2305 1170 2346 viridibus
1196 2305 1480 2346 concoloribus
1501 2304 1881 2346 rotundato-ovatis

311 2360 529 2401 biserratis
565 2371 691 2412 parce
728 2358 1053 2411 pubescentibus
1090 2358 1239 2400 subtus
1275 2370 1385 2410 saepe
1421 2358 1462 2398 in
1496 2358 1632 2399 nervis
1667 2357 1883 2409 glandulo-

313 2413 382 2461 sis,
416 2412 570 2465 petiolo
602 2412 792 2453 aculeato
817 2411 1341 2464 pubescenti-glanduloso‚
1377 2411 1541 2463 stipulis
1569 2410 1775 2461 angustis,
1811 2409 1883 2449 fio-

314 2465 428 2506 ribus
448 2465 644 2506 solitariis
670 2464 757 2506 fere
783 2464 1035 2506 ebracteatis
1062 2475 1156 2504 raro
1186 2464 1407 2516 geminatis
1433 2467 1507 2504 aut
1531 2462 1879 2515 subcorymbosis,

313 2518 546 2570 pedunculo
567 2518 688 2569 longo
715 2517 1063 2569 receptaculoque
1081 2516 1395 2568 hemisphaerico
1425 2515 1587 2568 hispido
1614 2516 1748 2556 rarius
1774 2515 1879 2562 laevi,

314 2571 464 2623 sepalis
498 2571 746 2611 acuminatis
778 2582 926 2622 parum
959 2569 1291 2622 appendiculatis
1325 2569 1446 2610 dorso
1478 2569 1725 2621 plerumque
1756 2567 1882 2619 hispi-

315 2623 436 2672 dulis,
477 2623 630 2664 corolla
666 2624 821 2675 magna
851 2623 893 2663 in
926 2622 1071 2675 planta
1108 2624 1341 2674 spontanea
1371 2622 1499 2670 lutea,
1536 2621 1655 2674 stylis
1686 2620 1881 2661 brevibus

314 2676 500 2728 hispidis,
538 2676 714 2717 urceolis
751 2675 928 2716 maturis
967 2675 1147 2726 globosis
1185 2675 1250 2715 vix
1286 2675 1471 2727 pulposis
1508 2673 1693 2714 miniatis
1730 2673 1881 2724 sepalis

313 2729 556 2781 patentibus
576 2728 978 2781 subpersistentibus
994 2728 1145 2780 saepius
1166 2727 1331 2768 demum
1355 2727 1554 2768 deciduis.

374 2798 466 2832 Hab.
485 2799 658 2833 Anatolia.
677 2799 712 2833 in
729 2803 850 2833 monte
864 2798 986 2843 Sipylo
1005 2798 1136 2840 (Auch.
1154 2798 1270 2842 1432),
1285 2798 1457 2832 Armenia
1478 2797 1524 2832 ad
1542 2797 1676 2832 Baibut
1697 2796 1821 2839 (Huet)
1845 2801 1880 2830 et

328 2845 374 2880 ad
392 2845 540 2889 Kopans
561 2845 654 2880 Kale
673 2856 786 2889 prope
809 2846 889 2879 Van
919 2845 1106 2889 (Deyrolle
1129 2845 1198 2889 11),
1216 2846 1319 2890 Syria
1345 2845 1423 2879 bor.
1445 2844 1491 2878 ad
1519 2844 1654 2878 Aintab
1683 2843 1881 2886 (mussa),

326 2903 442 2937 prope
458 2891 653 2926 Diarbekir
673 2892 765 2935 (Noe
786 2894 880 2935 697),
900 2893 1024 2926 Persia
1041 2898 1152 2927 austr.
1174 2893 1320 2927 Schiraz
1343 2893 1379 2926 in
1403 2892 1510 2926 horto
1537 2891 1618 2936 (Ky.
1637 2892 1731 2933 297),
1755 2890 1880 2924 Persia

328 2939 441 2973 occid.
471 2939 517 2974 ad
552 2939 817 2974 Kirmanschah
855 2939 1024 2983 (Haussk.
1060 2941 1168 2981 367³),
1198 2940 1323 2973 Persia
1352 2939 1430 2973 bor.
1462 2948 1577 2982 prope
1608 2937 1805 2972 Abatabad
1834 2936 1880 2970 ad

332 2986 457 3030 pedem
476 2997 520 3020 m.
548 2986 697 3021 Elwend
720 2986 848 3024 (Pichl.
867 2986 891 3020 f.
909 2986 1091 3030 glandulis
1112 2986 1370 3021 subfoliaribus
1390 2985 1526 3020 crebris
1546 2985 1721 3028 insignis),
1735 2985 1769 3018 in
1791 2984 1880 3018 Cau-
