2094 3351
216 244 260 280 44
944 249 1167 274 GRUCIPERAE.
1642 234 1886 282 Sisymbrium.

331 378 391 411 4-6
414 376 527 411 lineas
547 376 676 420 longae,
705 375 809 409 lineae
831 373 869 414 'ss
901 374 985 408 latae
1006 373 1050 407 ob
1072 373 1208 407 semina
1225 371 1465 416 prominentia
1487 369 1755 404 moniliformes.
1781 367 1886 403 Inflo·

333 424 517 458 rescentia'
541 422 778 465 Notoceratis,
809 421 1002 455 Tetracmes
1027 420 1082 454 vel
1109 420 1178 455 Sis.
1202 419 1394 462 officinalis
1410 418 1478 461 cui,
1496 417 1658 461 quamvis
1683 415 1790 451 flores
1814 415 1890 450 albi

334 471 416 513 sint,
443 470 563 514 potius
590 479 696 513 quam
723 468 912 512 speciebus
929 467 1096 502 sectionis
1113 465 1390 510 Arabidcmsidis
1408 463 1773 509 appropinquandum
1793 463 1889 498 vide-

334 526 403 552 tur.
425 518 573 561 Septum
593 515 825 560 pellucidum.

218 657 309 701 221,
341 652 405 693 Ad
427 652 593 704 generis
614 651 905 702 Sisymhrii
925 649 1080 691 calcem
1101 650 1237 690 insere
1257 661 1264 689 :

719 752 885 807 Species
904 766 924 794 e
940 765 1092 805 ‚qenere
1113 750 1393 793 excludendae.

377 843 420 885 S.
443 855 658 883 ramosum
676 841 831 882 Fourn.
856 839 1036 893 Sisymb.
1058 852 1099 892 p.
1125 843 1200 880 140
1222 858 1267 872 =
1290 838 1537 891 Erysimum
1563 852 1609 880 re
1641 838 1800 879 andum
1818 837 1890 878 L.!

325 895 370 937 S.
390 894 644 948 Belanyerii
662 894 817 935 Fourn.
841 892 1021 946 Sisymb.
1043 905 1085 945 p.
1111 896 1182 934 141
1214 911 1258 925 z
1282 891 1492 946 Sterz’yma
1513 852 1745 934 torufosmn
1764 892 1854 932 Dc.!

217 1041 307 1085 221,
340 1036 651 1077 Malcolmia
672 1036 912 1083 confusa,
936 1033 1043 1075 adde
1066 1047 1074 1074 z

384 1125 477 1160 Hab.
498 1126 533 1159 in
554 1125 673 1170 Cypro
691 1124 738 1159 ad
755 1124 858 1158 littus
877 1124 988 1158 maris
1008 1134 1123 1167 prope
1145 1123 1263 1158 Davlu
1285 1123 1387 1166 (Sint.
1407 1129 1443 1158 et
1464 1123 1599 1167 Rig02).

383 1173 528 1217 Species
556 1183 577 1206 a
606 1171 650 1206 cl.
681 1172 816 1207 Cosson
845 1171 902 1205 Ill.
933 1171 1008 1205 Atl.
1041 1170 1165 1205 forsan
1195 1182 1266 1205 non
1292 1171 1470 1205 immerito
1502 1181 1581 1204 cum
1609 1170 1661 1204 M.
1689 1169 1788 1204 nami
1814 1179 1894 1204 con-

333 1220 464 1263 juncta
484 1230 506 1254 a
523 1221 595 1263 qua
614 1229 684 1253 non
706 1218 826 1253 differt
845 1218 912 1253 nisi
926 1218 1023 1252 foliis
1039 1218 1190 1262 integris
1208 1223 1243 1252 et
1263 1218 1356 1263 stylo
1376 1217 1601 1252 abbreviato.

220 1367 311 1411 224,
343 1368 438 1416 post
463 1365 532 1404 M.
558 1363 871 1404 Cabulicam
891 1363 1029 1403 insere
1051 1375 1059 1402 z

379 1451 479 1490 M.'?
501 1450 721 1497 ciliaris,
741 1448 976 1501 caespitosa,
994 1448 1101 1489 foliis
1117 1449 1308 1490 omnibus
1324 1448 1576 1490 radicalibus
1591 1447 1790 1489 confertis
1804 1447 1901 1489 sub-

327 1503 451 1544 ulatis
472 1502 617 1555 rigidis
651 1502 752 1542 setis
783 1501 1028 1553 patentibus
1060 1514 1206 1542 earum
1226 1501 1452 1543 latitudine
1471 1501 1728 1554 longioribus
1755 1501 1902 1542 crebre

328 1555 494 1604 ciliatis,
529 1566 653 1607 scapo
690 1553 796 1595 foliis
831 1554 1018 1606 longiore
1044 1555 1318 1596 crassiusculo
1353 1555 1395 1596 in
1426 1566 1640 1596 racemum
1672 1553 1901 1606 simplicem

328 1607 562 1649 confertum
599 1607 802 1655 abeunte,
843 1605 1014 1647 floribus
1057 1607 1270 1659 pedicellis
1309 1607 1368 1649 eis
1408 1607 1664 1659 longioribus
1702 1605 1899 1655 suffultis,

327 1661 478 1713 petalis
498 1661 627 1701 roseis
648 1659 1101 1719 oblongo-spathulatis
1126 1660 1168 1701 in
1188 1672 1372 1712 unguem
1393 1660 1656 1720 longiuscule·
1671 1659 1902 1700 attenuatis

328 1712 1074 1817 Ξῗὲἓ-Ῑὲωῗὲὲὲἓἕὲῂῗέἓὲοἳῗῗηὲὲῗῗὲἶ
1092 1712 1659 1818 {lssissssugjffsaissliffiaffl
1689 1711 1903 1817 gigss‘ffi

328 1820 550 1859 attenuata
565 1817 768 1870 pedicello
787 1820 960 1869 patente
974 1818 1108 1870 rigido
1124 1818 1408 1867 subbreviore,
1423 1819 1623 1871 stigmate
1637 1818 1823 1870 capitato
1841 1821 1878 1865 21
1890 1849 1899 1858 .

387 1889 483 1925 Hah.
498 1890 534 1924 in
549 1889 745 1934 Affghania
764 1885 843 1923 1060
859 1897 932 1924 non
948 1889 1107 1924 indicato
1124 1890 1322 1934 (Hulton!).
1338 1891 1595 1934 Fragmentum
1613 1900 1635 1924 a
1654 1890 1699 1924 cl.
1715 1889 1764 1924 Dr
1781 1889 1903 1924 Oliver

339 1937 496 1982 benigne
517 1937 830 1971 communicatum.

388 2002 522 2036 Planta
547 2001 644 2036 foliis
668 2002 828 2046 insignis,
855 2002 900 2037 de
925 2002 1028 2046 cujus
1054 2011 1186 2046 genere
1214 2001 1260 2036 ob
1281 2002 1431 2045 siliquas
1456 2002 1667 2036 immaturas
1693 2011 1765 2035 non
1784 2006 1904 2036 certus

341 2060 430 2092 sum,
454 2048 665 2083 indumento
686 2048 732 2083 ad
754 2049 809 2083 M.
829 2049 1014 2094 striyosam
1035 2049 1223 2084 accedens.
1246 2049 1352 2083 Folia
1380 2048 1458 2083 fere
1483 2049 1675 2092 pollicaria
1694 2048 1904 2083 tenuissima

340 2096 457 2141 rigida
477 2096 619 2130 sulcata
639 2101 758 2130 acuta.
783 2097 921 2140 Scapus
950 2096 1188 2140 bipolliearis,
1208 2095 1316 2130 flores
1333 2097 1427 2130 rosei
1454 2098 1474 2130 2
1500 2096 1614 2130 lineas
1635 2095 1745 2140 longi.
1765 2095 1903 2139 Siliqua

340 2144 532 2178 immatura
557 2145 578 2177 4
609 2143 724 2178 lineas
752 2143 861 2188 longa
893 2143 986 2188 stylo
1019 2144 1087 2185 l'lc
1123 2143 1254 2178 lineam
1281 2143 1388 2186 longo
1421 2148 1595 2187 superata
1627 2142 1705 2177 basi
1737 2146 1773 2177 et
1801 2142 1905 2186 apice

342 2196 546 2226 attenuata.

221 2326 313 2372 225,
344 2324 413 2365 M.
444 2323 703 2371 torulosa‚
726 2321 836 2363 adde
858 2335 866 2362 z

385 2411 478 2446 Hah.
505 2411 551 2446 ad
572 2411 708 2446 Mariut
733 2421 848 2455 prope
878 2410 1140 2446 Alexandriam
1170 2410 1322 2455 AEgypti
1355 2409 1541 2454 (Letourn.
1554 2410 1576 2454 1)
1607 2414 1718 2454 atque
1744 2410 1903 2444 varietas

339 2459 479 2503 siliquis
502 2459 677 2494 contortis
705 2458 857 2502 hispidis
884 2464 919 2493 et
947 2457 1086 2502 glabris
1115 2457 1241 2492 eodem
1272 2457 1351 2492 loco
1382 2456 1508 2501 (Let.!)
1537 2462 1656 2501 atque*
1681 2457 1718 2491 in
1751 2456 1903 2500 planitie

340 2506 472 2542 Galala
492 2506 626 2541 deserti
648 2505 797 2541 Arabici
819 2506 972 2551 AEgypti
992 2505 1119 2540 mediae
1140 2503 1391 2548 (Schweinf.!).

223 2643 314 2689 228,
347 2640 416 2681 M.
440 2641 703 2688 flexuosa,
727 2639 838 2680 adde
860 2651 869 2680 :

387 2727 481 2762 Hab.
503 2728 539 2762 in
559 2727 749 2762 maritimis
769 2727 878 2772 Cypri
899 2737 1013 2771 prope
1033 2727 1202 2771 Cerignia
1223 2726 1325 2770 (Sint.
1348 2732 1384 2761 et
1404 2725 1541 2770 Rigo!).

224 2863 316 2909 228,
348 2861 417 2901 M.
440 2860 734 2908 maritima,
758 2859 867 2901 adde
889 2872 898 2900 :

388 2946 482 2982 Hab.
505 2948 541 2981 in
568 2947 756 2982 maritimis
779 2948 946 2992 Corcyrae
976 2946 1179 2992 (Barbey!)‚
1209 2946 1442 2991 Cephaloniae
1467 2945 1656 2991 (Heldr.l),
1689 2947 1823 2982 Atticae
1852 2945 1899 2981 ad

345 2994 540 3029 Phalerum
561 2993 749 3038 (Heldr.!).
