2115 3250
237 194 424 229 Berleroa.
961 200 1182 225 CRUCWERAE.
1865 190 1908 225 53

236 271 307 305 Pag.

236 325 329 370 291,
359 323 415 361 B.
453 322 771 369 orbiculata,
813 320 904 361 dele
942 330 1084 360 omnes
1117 318 1227 359 locos
1263 330 1312 359 ex
1345 317 1478 358 Ponto
1510 318 1706 358 Armeno.
1743 318 1909 371 Species

342 374 556 425 hucusque
575 373 800 414 Thessaliae
820 375 863 413 et
889 371 1146 413 Macedoniae
1171 371 1340 423 propria
1364 383 1389 410 a
1411 370 1713 422 congeneribus
1739 371 1910 412 floribus

343 438 390 467 ex
417 426 530 466 vivo!
566 425 820 466 ochroleucis
848 436 924 466 nec
950 424 1054 465 albis
1085 423 1298 464 distincta.
1330 422 1522 463 Stamina
1545 423 1645 463 bina
1669 424 1793 474 paulo
1818 424 1910 465 bre-

342 479 457 519 viora
475 482 597 530 parte
616 477 811 519 inferiore
830 476 1088 529 longiuscule
1108 486 1151 517 et
1168 478 1347 528 anguste
1367 475 1495 516 alata.

401 549 494 583 Hab.
523 549 559 583 111
584 548 809 583 Macedoniae
835 553 957 582 monte
985 548 1083 581 Atho
1117 546 1289 590 (Griseb.!
1318 546 1505 589 Pichleri),
1535 546 1580 580 ad
1609 546 1751 580 radices
1779 548 1910 580 montis

354 596 538 630 Korthiati
555 606 669 639 prope
686 595 983 629 Thessalonicam
1002 594 1131 638 (Orph.
1152 594 1207 627 Fl.
1227 594 1287 628 Gr.
1309 604 1382 627 exs.
1401 595 1469 628 648
1479 594 1514 636 !).

235 750 327 794 291,
358 750 454 798 post
477 747 935 787 Schiwereckiam
959 745 1272 786 Podolicam
1293 745 1429 785 insere
1452 758 1460 784 ς

399 834 522 873 Sch.
541 833 821 873 lmeretica
838 832 988 884 (Rupr.
1002 831 1065 872 Fl.
1085 831 1213 873 Cauc.
1230 844 1272 883 p.
1292 832 1384 882 106)
1401 831 1629 871 caudiculis
1644 843 1666 872 e
1681 831 1913 872 rhizomate

342 886 499 937 lignoso
522 885 750 926 numerosis
770 885 1004 937 fragillimis
1030 885 1120 926 basi
1140 885 1387 936 squamatis,
1411 883 1518 924 foliis
1544 884 1742 925 rosulatis
1764 884 1913 925 obova-

344 939 396 978 tis
430 938 606 990 integris
638 938 732 990 pilis
765 938 940 978 ramosis
977 938 1216 978 intertextis
1255 936 1701 984 albo-canescentibus,
1737 938 1913 978 racemis

342 990 708 1031 int'rarosularibus
738 990 915 1043 aphyllis
946 1002 971 1030 a
996 990 1087 1031 basi
1116 989 1369 1037 multifloris,
1401 988 1573 1030 fioribus
1579 1021 1677 1038 ......
1700 989 1914 1041 pedicellis

343 1042 568 1084 fructiferis
599 1043 928 1095 erecto-patulis,
959 1042 1129 1083 siliculis
1158 1042 1291 1083 ovatis
1324 1042 1388 1083 vel
1421 1041 1611 1094 oblongis
1641 1043 1775 1083 acutis
1804 1043 1914 1095 stylo

340 1096 456 1136 brevi
477 1100 520 1136 et
538 1096 738 1148 stigmate
759 1096 945 1148 capitato
963 1095 1172 1147 superatis
1200 1098 1258 1142 21.

401 1167 495 1201 Hab.
515 1167 551 1201 in
570 1167 708 1202 fissuris
732 1167 907 1201 calcareis
936 1167 1042 1201 vallis
1061 1165 1145 1200 fluv.
1167 1166 1261 1200 Aion
1284 1166 1463 1201 Imeretiae
1483 1176 1599 1209 prope
1615 1166 1756 1210 Kutais,
1778 1167 1916 1202 scilicet

354 1215 402 1304 {111q
422 1215 759 1305 monae)Mezamet
789 1213 1011 1249 descendens
1045 1224 1159 1258 usque
1193 1213 1241 1248 ad
1275 1212 1422 1247 fluvium
1456 1213 1718 1248 Ziteli-Zchale
1755 1214 1914 1258 (Rupr.).

405 1271 450 1295 on
469 1273 505 1295 v1
532 1273 554 1296 1.

400 1325 718 1369 Imperfectissime
738 1331 835 1369 nota,
856 1336 938 1359 nam
959 1325 1002 1359 cl.
1022 1324 1184 1360 detector
1203 1335 1269 1359 nec
1288 1324 1396 1359 flores
1416 1335 1481 1359 nec
1499 1325 1650 1359 siliculae
1664 1325 1830 1360 valvulas
1847 1336 1914 1360 nec

357 1373 504 1416 semina,
534 1378 638 1416 septa
671 1379 814 1407 tantum
843 1372 942 1406 vidit.
975 1374 1033 1406 An
1061 1372 1266 1416 congener‘?
1288 1374 1319 1405 A
1340 1371 1417 1406 Sch.
1438 1372 1610 1406 Podoliccz
1642 1371 1739 1406 foliis
1765 1373 1914 1417 integris

357 1421 432 1457 (3-6
446 1420 561 1454 lineas
581 1420 698 1464 longis
719 1422 777 1454 2-3
799 1419 909 1463 latis),
926 1420 1078 1454 racemis
1097 1419 1428 1454 extrarosularibus
1442 1429 1591 1462 prorsus
1608 1419 1766 1464 aphyllis
1782 1420 1914 1454 aliena.

358 1467 506 1510 Septum
524 1469 584 1501 2-4
601 1467 716 1501 lineas
735 1467 892 1511 longum.

239 1612 331 1658 294,
362 1613 457 1661 post
478 1610 719 1650 Drabam
740 1610 974 1650 Athoam
993 1609 1132 1650 insere
1156 1622 1163 1649 :

398 1698 457 1738 D.
488 1697 736 1746 Lacaitae‚
760 1697 950 1750 caespites
976 1709 1128 1749 parvos
1156 1696 1355 1746 formanS,
1384 1697 1520 1749 scapis
1540 1697 1706 1749 pumilis
1740 1698 1911 1750 glabris,

344 1748 451 1791 foliis
469 1750 658 1791 breviter
682 1754 726 1791 et
739 1749 830 1791 >late
854 1750 1081 1791 linearibus
1107 1750 1230 1801 longe
1257 1750 1421 1798 ciliatis,
1453 1751 1629 1791 racemis
1660 1750 1915 1792 abbreviatis

342 1802 690 1855 subcorymbosis,
711 1803 923 1854 pedicellis
944 1803 1073 1844 etiam
1096 1801 1323 1843 fructiferis
1352 1803 1622 1852 tenuissimis,
1682 1803 1803 1844 etalis
1828 1804 1917 1856 pal-

343 1855 435 1896 lidis
479 1855 619 1908 calyce
661 1855 1079 1907 sesquilongioribus‚
1125 1854 1350 1896 filamentis
1395 1855 1535 1907 calyce
1577 1856 1654 1897 sub
1675 1857 1915 1908 ongioribus

341 1907 483 1960 petala
506 1920 590 1949 non
614 1908 893 1960 aequantibus,
928 1908 1098 1949 siliculis
1129 1908 1284 1960 glabris
1311 1908 1505 1960 ellipticis
1533 1909 1642 1961 stylo
1671 1909 1916 1950 brevissimo

345 1960 566 2012 apiculatis
593 1964 652 2008 21.

402 2032 496 2067 Hab.
523 2033 570 2067 ad
598 2043 707 2077 rupes
735 2032 931 2067 schistosas
957 2033 1088 2067 montis
1109 2033 1276 2068 Chelmos
1301 2033 1541 2076 Peloponnesi
1570 2044 1685 2078 prope
1713 2033 1917 2078 Kalogeros

358 2081 500 2114 4-5000'
522 2079 578 2123 (cl.
606 2081 643 2115 C.
663 2080 816 2114 Lacaita
827 2080 862 2124 1).
883 2080 1086 2123 Specimina
1107 2090 1151 2114 ex
1177 2085 1299 2115 monte
1326 2080 1481 2125 Kyllene
1510 2080 1575 2115 sub
1602 2081 1651 2115 D.
1678 2081 1815 2116 aizoide
1839 2092 1915 2116 var.

358 2127 546 2172 brevistyla
566 2133 778 2162 enumerata
794 2127 865 2161 huc
882 2137 1024 2171 quoque
1044 2133 1212 2171 spectare
1231 2127 1410 2162 videntur.

405 2189 537 2224 Differt
554 2201 575 2225 a
597 2190 723 2224 formis
743 2190 791 2224 D.
812 2190 962 2225 aizoidis
982 2195 1017 2224 et
1034 2200 1056 2224 a
1075 2191 1124 2224 D.
1146 2190 1267 2225 Athoci
1286 2190 1419 2234 petalis
1440 2196 1476 2225 et
1495 2191 1709 2226 staminibus
1735 2191 1916 2235 brevibus,

357 2247 378 2270 a
403 2236 452 2271 D.
479 2237 578 2271 aizoo
603 2247 684 2281 quae
713 2237 846 2271 eisdem
873 2237 1145 2271 characteribus
1170 2237 1307 2281 gaudet
1336 2238 1455 2281 scapis
1484 2242 1520 2272 et
1544 2239 1697 2272 racemis
1724 2249 1795 2273 non
1822 2239 1919 2273 elon-

355 2284 460 2327 gatis,
477 2294 499 2318 a
519 2284 568 2318 D.
589 2284 807 2319 Parnassicci
827 2289 863 2319 et
884 2284 932 2318 D.
964 2284 1101 2319 Cretica
1127 2284 1316 2328 pedicellis
1337 2284 1505 2319 tenuibus
1532 2290 1568 2319 et
1595 2285 1746 2320 siliculis
1766 2285 1917 2330 glabris.

358 2330 414 2364 Ex
431 2331 556 2374 paucis
573 2331 829 2375 speciminibus
847 2337 988 2365 tantum
1009 2337 1097 2366 nota
1117 2337 1153 2366 et
1172 2332 1326 2366 ulterius
1347 2331 1587 2366 observanda.

241 2467 333 2513 294,
367 2466 426 2505 D.
451 2466 795 2515 Parnassica,
818 2465 926 2507 adde
950 2478 958 2506 ι

406 2553 499 2587 Hab.
519 2553 557 2587 in
576 2558 697 2588 monte
717 2553 852 2597 Delphi
872 2553 1023 2587 Euboeae
1045 2552 1231 2597 (Heldr.!).

244 2699 335 2744 294,
370 2697 430 2737 D.
452 2696 740 2748 cuspidata
763 2710 771 2737 :

408 2787 466 2819 An
482 2785 560 2819 haec
574 2786 712 2830 species
730 2786 942 2820 charactere
955 2785 1107 2820 siliculae
1121 2786 1278 2830 turgidae
1293 2796 1314 2820 a
1329 2786 1377 2820 D.
1392 2786 1528 2821 aizoide
1541 2792 1598 2821 sat
1611 2786 1756 2821 differat
1771 2785 1918 2820 dubium

363 2838 426 2875 est,
448 2833 578 2867 etenim
604 2833 715 2867 variae
742 2832 869 2867 formae
895 2832 1045 2867 siliculis
1067 2832 1221 2877 turgidis
1248 2844 1391 2877 quoque
1419 2833 1563 2867 donatae
1585 2843 1628 2868 ex
1649 2833 1783 2876 Sicilia,
1811 2834 1920 2867 Italia

363 2885 398 2913 et
417 2879 616 2923 Dalmatia,
643 2890 773 2923 nempe
793 2879 842 2914 D.
864 2879 1010 2924 tumida
1029 2880 1136 2924 Huet,
1157 2880 1206 2914 D.
1232 2881 1455 2925 lonyirostris
1480 2886 1515 2915 et
1544 2880 1592 2914 D.
1621 2884 1763 2914 armata
1794 2880 1921 2915 Schott

363 2925 408 2960 ab
428 2926 509 2960 aliis
525 2931 565 2960 ut
584 2927 721 2970 species
737 2927 907 2971 propriae,
927 2937 949 2961 a
967 2928 1108 2961 caeteris
1124 2933 1164 2961 ut
1184 2928 1380 2962 varietates
1399 2927 1447 2961 D.
1468 2927 1617 2962 aizoidis
1633 2927 1825 2962 habentur.
