2094 3351
208 260 278 296 310
931 272 1155 298 couposmss.
1651 262 1859 309 Onopordon
1869 293 1878 301 .

205 341 274 375 Pag.

315 394 523 442 nulosum,
548 395 665 435 caule
685 395 796 436 elato
818 396 908 436 tota
930 395 1190 448 longitudine
1217 396 1436 448 aequaliter
1465 403 1508 437 et
1532 400 1712 489 auffuste
1760 396 1889 437 luria-

314 446 400 487 lato
421 447 597 498 simplici
617 447 680 488 vel
701 459 825 500 parce
852 460 1015 489 ramoso
1043 449 1170 490 ramis
1197 448 1520 501 monocephalis‚
1551 448 1590 490 fo
1609 450 1658 490 iis
1683 449 1725 489 in
1745 450 1886 490 eriori-

312 499 391 540 bus
430 499 618 551 oblongis
657 501 1139 553 sinuato-pinnatifidis‚
1180 501 1355 543 caulinis
1387 501 1607 543 latiuscule
1640 501 1882 551 linearibus,

315 552 498 604 capitulo
517 553 712 601 maximo,
736 553 936 594 involucri
957 554 1091 605 glabri
1112 554 1263 606 phyllis
1285 554 1513 606 dimorphis
1530 554 1772 595 lanceolatis
1791 567 1887 606 par-

314 605 367 645 tis
388 604 594 646 inferioris
615 618 639 646 a
659 606 796 647 medio
817 605 980 647 reflexis
1009 606 1062 648 ab
1084 606 1236 648 infimis
1262 607 1521 648 brevioribus
1547 607 1699 648 sensim
1733 608 1881 655 auctis,

312 658 445 751 {artis
465 659 690 709 superioris
712 660 861 700 erectis
882 659 934 700 ab
955 659 1220 701 inferioribus
1239 659 1381 712 phylla
1400 659 1555 701 reflexa
1575 671 1656 700 non
1682 660 1885 712 aequanti-

342 722 390 751 us
417 710 470 751 ad
503 711 651 751 intima
684 711 847 761 longius
876 713 1304 753 setaceo-acuminata
1336 713 1488 753 sensim
1519 713 1669 761 auctis,
1703 711 1886 753 flosculis

311 764 533 815 purpureis
554 764 984 816 glanduloso-viscidis
1006 768 1069 813 ΕΖ).

371 832 462 866 Hah.
486 834 520 867 in
539 834 729 877 peninsula
747 834 955 869 Chalcidice
974 834 1197 869 Macedoniae
1217 835 1365 879 (Janka)
1390 835 1484 878 (Non
1503 834 1600 878 vidi).

334 945 356 979 l.
372 898 492 951 affine
512 898 643 932 dicitur
666 898 704 933 Ο.
726 899 878 943 Illyrico
896 909 962 942 pro
983 910 1053 943 quo
1081 899 1151 934 hoc
1174 899 1217 934 cl.
1246 905 1373 934 auctor
1394 899 1523 934 habuit
1542 899 1718 934 involucri
1745 899 1885 934 fabrica

324 957 332 978 ‹
349 951 543 980 istinctum.

207 1074 297 1120 566,
335 1072 644 1112 Saussurea
672 1072 942 1112 Brahuica
967 1085 975 1112 :
1010 1084 1058 1113 ex
1079 1073 1375 1124 speciminibus
1395 1073 1640 1114 Himalaicis
1662 1076 1770 1114 notae
1797 1074 1886 1125 qui-

310 1124 388 1165 bus
421 1124 529 1165 hanc
557 1125 736 1176 speciem
765 1137 788 1165 a
821 1124 863 1165 S.
900 1125 1146 1166 amaricante
1185 1125 1354 1166 distinxi
1393 1130 1675 1175 evanuerunt3
1711 1125 1886 1166 achenia

311 1178 420 1217 enim
437 1178 602 1218 variant
622 1177 698 1218 sub
720 1178 837 1229 apice
858 1182 1024 1219 tantum
1040 1178 1104 1219 vel
1121 1179 1288 1219 omnino
1304 1179 1516 1231 rugulosa.
1535 1178 1886 1220 Substituendum

312 1230 441 1280 igitur
462 1242 611 1271 nomen
635 1243 643 1270 :
678 1231 729 1270 S.
760 1231 1054 1271 candicans
1081 1232 1167 1283 (nc.
1197 1231 1344 1272 Prodr.
1377 1231 1449 1280 VI,
1477 1244 1519 1284 p.
1549 1235 1626 1273 540
1652 1231 1729 1272 sub
1759 1231 1886 1285 Aplo-

314 1280 439 1332 taxi).
474 1306 526 1310 —
558 1284 610 1323 A.
647 1296 818 1336 scaposa
848 1283 1020 1335 Edgew.
1055 1307 1107 1312 -
1140 1284 1327 1326 Oirsium
1358 1284 1676 1326 heteromallum
1703 1283 1882 1336 Spreng.

312 1334 682 1440 ἦιξῆἕίτχροίευςα
707 1336 845 1377 Aitch.
878 1336 972 1378 Cat.
1000 1336 1148 1378 Journ.
1175 1337 1298 1378 Linn.
1331 1336 1423 1379 Soc.
1458 1337 1614 1386 XVIII,
1646 1350 1687 1389 p.
1720 1341 1767 1378 71
1802 1349 1885 1378 non

369 1460 462 1495 Hab.
484 1462 519 1495 in
541 1461 676 1495 ditione
696 1461 833 1495 Kuram
854 1461 1057 1505 Affghaniae
1077 1462 1212 1504 (Aitch.
1234 1462 1349 1504 319l).

370 1523 436 1558 Ar.
456 1524 598 1567 Geogr.
620 1526 733 1569 Regio
752 1525 956 1560 Himalaica
975 1532 1193 1570 temperata.

205 1671 295 1718 572,
328 1673 423 1720 post
442 1668 472 1708 J
479 1668 727 1709 urineam
749 1669 1183 1719 heterophyllam
1203 1669 1340 1710 insere
1363 1682 1370 1710 :

362 1756 410 1796 J.
435 1755 881 1806 ancistrophylla‚
898 1755 1041 1796 viridis
1059 1755 1327 1804 multicaulis,
1346 1756 1535 1797 caulibus
1552 1757 1736 1798 tenuiter
1749 1758 1887 1809 virga-

309 1808 363 1848 tis
387 1820 410 1848 a
430 1807 520 1848 basi
541 1808 688 1848 stricte
708 1813 751 1847 ot
775 1808 898 1859 longe
925 1808 1160 1857 ramulosis,
1193 1808 1300 1849 foliis
1332 1809 1480 1850 subtus
1512 1821 1638 1861 parce
1669 1809 1885 1851 arachnoi-

310 1860 397 1902 deis
416 1861 645 1901 convolutis
665 1860 872 1902 subulatis
893 1861 1099 1913 elongatis
1122 1861 1323 1910 indivisis,
1355 1862 1549 1914 capitulis
1575 1862 1698 1915 longe
1725 1862 1885 1915 pedun—

309 1914 458 1954 culatis
481 1913 734 1966 corymbosis
755 1913 808 1954 ad
828 1925 966 1954 ramos
987 1914 1181 1955 laterales
1198 1915 1394 1955 solitariis
1412 1914 1752 1967 hemisphaericis‚
1771 1916 1884 1957 invo-

308 1966 411 2007 lucri
431 1978 557 2019 parce
577 1967 764 2007 araneosi
787 1966 937 2019 phyllis
953 1967 1134 2008 externis
1153 1967 1350 2008 brevibus
1366 1967 1598 2009 imbricatis
1613 1969 1746 2010 ovatis
1765 1969 1884 2010 deco-

309 2019 453 2060 loratis
499 2020 538 2059 in
588 2019 802 2071 cuspidem
852 2020 1025 2061 viridem
1075 2020 1260 2061 breviter
1309 2021 1611 2072 triangularem
1661 2033 1885 2074 squarrose

307 2071 506 2113 reflexam
527 2072 707 2124 abrupte
725 2073 972 2123 attenuatis,
993 2073 1263 2114 interioribus
1283 2073 1527 2115 lanceolatis
1556 2074 1727 2115 rubellis
1753 2087 1884 2116 mem-

307 2125 785 2177 branaceo-marginatis
806 2126 847 2166 in
869 2125 1082 2177 cuspidem
1102 2126 1324 2167 innocuam
1346 2126 1612 2176 abeuntibus,
1635 2129 1761 2179 pappi
1782 2129 1884 2169 setis

307 2178 507 2229 plumosis
545 2178 855 2230 subaequalibus
893 2179 1066 2220 achenio
1105 2179 1317 2231 (juniore)
1355 2180 1487 2221 multo
1525 2180 1781 2232 longioribus
1821 2185 1880 2229 Ql.

308 2230 352 2272 J.
377 2230 580 2284 leptoloba
599 2231 737 2272 Aitch.
762 2231 856 2273 Cat.
875 2232 915 2272 in
937 2231 1083 2272 Journ.
1104 2231 1225 2272 Linn.
1251 2231 1343 2273 Soc.
1367 2232 1480 2282 XIX,
1504 2245 1545 2285 p.
1569 2237 1642 2275 173
1663 2245 1744 2274 non
1765 2247 1834 2275 Dc.

367 2301 460 2335 Hah.
481 2302 516 2335 in
537 2301 703 2335 districtu
724 2301 861 2335 Ilariab
883 2302 988 2336 vallis
1009 2301 1145 2336 Kuram
1166 2301 1372 2346 Affghaniae
1395 2305 1537 2338 8-9000‘
1561 2303 1695 2339 (Aitch.
1717 2305 1785 2338 386
1799 2304 1833 2348 !).

368 2364 514 2399 Pedalis
541 2370 576 2399 et
602 2365 743 2407 elatior,
765 2364 854 2399 folia
881 2366 1136 2408 angustissima
1162 2365 1337 2400 inferiora
1365 2365 1441 2401 fere
1470 2366 1663 2410 pollicaria
1692 2367 1882 2412 superiora

321 2419 356 2445 et
375 2422 554 2445 ramorum
576 2411 801 2446 abbreviata.
822 2412 977 2447 Habitus
999 2419 1034 2446 et
1055 2413 1217 2456 capitula
1236 2414 1270 2447 J.
1299 2413 1481 2457 leptolobae
1507 2413 1604 2449 foliis
1629 2415 1882 2458 pinnatisectis

320 2458 527 2503 phyllisque
544 2460 720 2493 involucri
741 2459 982 2494 exterioribus
1003 2460 1109 2504 longe
1127 2460 1288 2495 aristatis
1309 2461 1449 2495 alienae.

201 2604 291 2648 574,
323 2601 370 2640 J.
393 2600 688 2649 Anatolio-a,
710 2600 818 2641 adde
841 2614 849 2641 :

359 2705 394 2741 γ.
428 2687 776 2742 subinteyrejlfflia
797 2689 1008 2734 (Aschers.
1032 2689 1171 2741 Mss.).
1195 2713 1246 2718 —
1266 2689 1382 2730 Folia
1401 2689 1603 2731 radicalia
1622 2694 1666 2731 et
1683 2689 1882 2732 inferiora

306 2741 543 2834 Ιίιιιοθοὶαῑῗ
555 2754 698 2794 grosse
714 2742 904 2793 (lentata,
922 2742 1087 2783 caulina
1107 2742 1193 2784 late
1213 2743 1387 2784 linearia
1406 2743 1574 2795 integra
1593 2743 1684 2784 basi
1697 2743 1883 2785 breviter

307 2805 510 2834 ‹ecurren
534 2807 588 2835 ia.

366 2865 459 2899 Hab.
480 2865 515 2898 in
533 2871 653 2900 monte
673 2865 737 2899 Ida
756 2865 910 2900 Troadis
930 2876 1045 2910 prope
1062 2866 1242 2901 Kareikos
1264 2867 1366 2902 (Sint.
1384 2876 1458 2901 exs.
1477 2868 1588 2908 562l).

200 3017 291 3063 579,
323 3015 372 3055 J.
407 3016 821 3066 macrocephala
857 3027 866 3055 :
900 3015 991 3057 haec
1019 3016 1177 3068 species
1210 3027 1359 3057 nomen
1396 3016 1633 3068 specificum
1667 3016 1881 3068 antiquius
