2115 3250
224 215 432 251 Gerastz‘um.
967 223 1140 248 AnsmnAE.
1820 214 1885 248 ¹19

221 294 292 329 hg·
379 350 416 401 β.
449 346 676 387 hirsutum.
699 369 750 374 —
767 345 918 388 Totum
938 345 1049 398 pube
1067 348 1239 398 patente
1259 345 1440 396 crispula
1457 344 1726 396 hispidulum.

385 433 476 468 Hab.
491 444 569 468 cum
589 432 705 467 forma
722 434 843 478 typica
863 434 899 467 in
918 433 1033 467 Ponto
1051 433 1181 467 Lazico
1200 442 1309 475 supra
1330 432 1455 476 Djimil
1473 432 1568 475 (Bal.
1581 434 1614 475 !).

227 584 316 629 718,
351 582 403 621 C.
424 580 783 621 multiflorum
806 593 815 621 :

384 669 433 703 Ut
452 670 654 713 suspicatus
675 679 763 712 sum,
782 680 825 703 ex
843 668 887 703 cl.
907 669 1096 712 Ruprecht
1117 669 1176 712 qui
1200 669 1317 702 vivum
1336 668 1540 702 observavit
1561 668 1700 711 species
1719 668 1888 711 perennis

338 716 395 750 vel
421 716 549 750 saltem
574 726 777 760 perennans
803 717 838 750 in
862 715 1064 759 subalpinis
1090 720 1125 750 et
1151 716 1283 759 alpinis
1307 715 1491 750 schistosis
1514 715 1626 749 totius
1644 715 1804 758 Caucasi,
1826 714 1888 748 sed

339 764 539 807 praesertim
557 763 742 798 orientalis
761 773 874 807 usque
891 763 938 797 ad
958 764 1059 797 9600‘
1078 762 1249 806 (Rupr.!).

223 915 312 960 718,
347 913 399 952 C.
421 912 712 960 nemorale,
734 911 842 952 adde
862 923 952 963 syn.
977 924 985 951 :
1020 910 1063 953 C.
1093 911 1331 963 elonqatum
1359 910 1472 951 Μ.Β.
1504 909 1782 951 Taur.-Cauc.
1810 879 1907 957 III,-

325 977 366 1016 p.
390 967 465 1006 316
487 968 530 1005 et
549 964 680 1016 Rupr.
702 963 765 1005 Fl.
788 963 915 1005 Cauc.
937 975 1020 1005 non
1039 963 1187 1004 Pursh.

383 1051 476 1085 Hab.
498 1061 639 1095 quoque
658 1051 694 1085 in
716 1051 876 1086 Caucaso
895 1050 1111 1085 occidentali
1133 1051 1233 1094 (C.A.
1251 1051 1345 1095 Mey.
1364 1060 1407 1085 ex
1433 1050 1593 1094 Rupr.!),
1615 1051 1649 1084 in
1670 1050 1766 1085 valle
1791 1048 1889 1084 fluvii

339 1098 456 1133 Terek
476 1099 569 1132 inter
586 1098 678 1132 Lars
696 1102 731 1132 et
751 1098 879 1132 Darial
900 1099 1040 1132 3-3600'
1060 1098 1187 1141 (Rupr.
1200 1097 1233 1141 !).

222 1249 312 1295 720,
345 1247 396 1287 C.
420 1247 715 1298 Illyricum,
736 1245 872 1287 adde:

384 1335 477 1370 Hab.
497 1336 533 1370 in
551 1335 732 1369 montibus
749 1320 1080 1379 thdi(130urg.z),
1097 1335 1205 1379 Cypri
1227 1334 1328 1377 (Sint.
1347 1339 1382 1369 et
1401 1334 1539 1378 Rig0!).

222 1488 312 1533 721,
346 1486 399 1526 C.
420 1484 803 1533 dichotomum,
826 1484 934 1526 adde
957 1497 965 1525 ε

383 1573 477 1608 Hab.
511 1574 548 1608 in
576 1574 682 1608 cultis
711 1574 858 1608 Boeotiae
888 1573 933 1608 ad
965 1578 1119 1608 montem
1157 1574 1327 1608 Citheron
1365 1578 1399 1608 et
1437 1573 1603 1607 Arcadiae
1636 1583 1750 1616 prope
1782 1573 1889 1608 Steno

340 1621 478 1664 (Heldr.
491 1622 523 1665 !),
544 1622 580 1655 in
597 1621 694 1655 valle
714 1621 850 1655 Kuram
872 1621 1076 1665 Affghaniae
1096 1621 1230 1661 (Aitch.
1252 1620 1366 1664 2051).

222 1773 313 1819 721,
348 1772 400 1811 C.
423 1771 688 1820 inflatum,
707 1770 816 1812 adde
839 1784 847 1812 :

384 1859 476 1893 Hab.
497 1860 533 1894 in
549 1860 680 1894 Libani
695 1866 815 1895 monte
837 1860 949 1895 Gebel
970 1860 1094 1895 Baruk
1116 1871 1227 1904 supra
1247 1861 1317 1894 Ain
1335 1860 1514 1895 Zehalteh
1535 1861 1637 1894 6000'
1659 1859 1704 1903 (J.
1726 1858 1854 1902 Balll).

223 2012 313 2058 722,
344 2014 440 2062 post
462 2011 514 2050 C.
536 2011 787 2051 ruderale
808 2011 945 2052 insere
968 2023 975 2051 :

380 2099 432 2138 C.
469 2098 843 2148 Meyerianum
870 2099 1020 2150 (Rupr.
1046 2098 1108 2140 Fl.
1141 2099 1268 2140 Cauc.
1302 2113 1344 2152 p.
1379 2099 1474 2152 221)
1508 2100 1722 2140 annuum‘.>
1754 2102 1892 2140 totum

325 2150 572 2199 villosulum,
603 2151 721 2192 caule
748 2151 1149 2193 ascendenti-erecto
1178 2151 1337 2193 inferne
1364 2153 1550 2193 surculos
1570 2153 1734 2193 steriles
1764 2152 1893 2204 oligo-

324 2202 485 2255 phyllos
504 2203 651 2244 breves
672 2204 836 2252 edente,
860 2203 967 2245 foliis
988 2205 1120 2245 ovatis
1142 2205 1408 2247 acutiusculis
1428 2206 1518 2246 basi
1539 2206 1770 2246 attenuatis
1790 2203 1893 2247 infe-

325 2256 502 2296 rioribus
518 2256 640 2308 longe
653 2256 934 2308 superioribus
951 2257 1135 2298 breviter
1147 2258 1375 2309 petiolatis,
1393 2259 1510 2311 cyma
1531 2258 1755 2306 terminali,
1774 2257 1894 2299 brac-

326 2308 404 2349 teis
437 2308 844 2350 lineari-lanceolatis
877 2311 1139 2358 acuminatis,
1174 2311 1384 2362 pedicellis
1414 2311 1597 2352 alaribus
1623 2311 1757 2362 longis
1777 2310 1893 2351 villo-

325 2361 440 2407 sulis‚
462 2361 612 2413 sepalis
632 2361 874 2403 lanceolatis
890 2363 1138 2403 acuminatis
1156 2363 1418 2415 glaberrimis
1434 2364 1666 2404 nitentibus
1683 2363 1889 2411 scariosiS,

324 2414 475 2465 petalis
505 2413 735 2455 bidentatis
764 2414 892 2467 calyci
923 2416 1180 2467 aequilongis,
1205 2415 1433 2458 filamentis
1465 2416 1620 2468 pilosis,
1658 2416 1776 2468 stylis
1805 2416 1893 2467 qui-

326 2468 403 2514 nis,
445 2466 614 2518 capsula
649 2467 922 2517 (immatura)
956 2468 1321 2521 lineali-oblonga,
1358 2469 1584 2510 seminibus
1620 2468 1892 2521 (immaturis)

326 2518 496 2560 laevibus
518 2519 596 2568 ΘῬ
627 2518 829 2561 Stellaria
860 2520 1117 2573 Meyer-iana
1143 2522 1274 2573 Rupr.
1304 2521 1366 2562 Fl.
1402 2521 1528 2562 Cauc.
1553 2522 1640 2562 tab.
1671 2521 1722 2570 V,
1750 2520 1821 2573 fig.
1853 2524 1890 2562 3.

324 2594 376 2600 —
396 2571 631 2612 Cerastium
652 2584 714 2624 sp.
735 2572 837 2613 C.A.
861 2573 972 2626 Mey.
994 2574 1147 2614 Enum.
1170 2574 1224 2614 Νο
1248 2578 1363 2615 1921.

383 2641 475 2675 Hal).
495 2641 530 2675 in
551 2642 650 2676 silvis
668 2643 818 2677 Caucasi
838 2653 953 2686 prope
971 2644 1158 2678 castellum
1177 2644 1450 2678 Wladikawkas
1468 2645 1566 2687 (C.A.
1588 2644 1671 2688 MA)
1694 2671 1700 2678 .

385 2705 622 2748 Semipedale,
642 2705 730 2741 folia
759 2709 862 2742 12-15
888 2708 948 2741 lin.
980 2708 1089 2751 longa
1120 2710 1178 2741 7-8
1211 2709 1298 2752 lata,
1327 2709 1453 2752 sepala
1484 2712 1503 2742 4
1538 2709 1652 2742 lineas
1685 2708 1804 2752 longa.
1836 2708 1892 2741 Ex

338 2752 441 2785 unico
466 2753 660 2795 specimine
687 2759 773 2788 nota
804 2759 839 2788 et
866 2754 1020 2789 ulterius
1048 2755 1267 2799 indaganda,
1296 2755 1406 2789 facies
1435 2757 1554 2798 potius
1583 2755 1757 2790 Stellariae
1786 2765 1891 2798 quam

344 2798 505 2842 Ceo-astii,
523 2799 585 2833 sed
604 2800 688 2844 styli
708 2801 818 2844 quini.
840 2803 871 2835 A
898 2800 1066 2836 Cerastiis
1083 2802 1178 2836 foliis
1201 2803 1306 2845 longe
1327 2803 1512 2846 petiolatis
1531 2803 1737 2836 distinctum
1759 2806 1893 2845 praeter

344 2845 380 2880 (J.
399 2846 596 2880 silvaticum
617 2847 711 2890 quod
730 2858 773 2881 ea
790 2849 1015 2882 surculorum
1037 2860 1190 2892 qnoque,
1209 2849 1270 2883 sed
1291 2849 1434 2884 brevius
1453 2850 1630 2893 petiolata
1645 2849 1767 2892 habet,
1783 2849 1893 2893 cymis

338 2898 457 2926 autem
479 2893 656 2937 elongatis
673 2894 889 2939 multifloris,
907 2895 1055 2930 floribus
1075 2896 1220 2930 dimidio
1246 2896 1454 2939 minoribus,
1482 2897 1613 2940 petalis
1634 2896 1756 2940 calyce
1781 2895 1892 2939 duplo

337 2939 572 2983 longioribus,
590 2946 670 2983 etc.,
692 2940 823 2976 differt.
