2115 3250
203 236 380 282 Faqom'a.
899 245 1175 269 ZYGOPHYLLEAE.
1805 236 1870 271 147

201 315 226 342 ι»
266 335 274 342 .

199 324 296 418 937,
330 370 385 410 Γ.
407 369 600 417 mollis,
622 367 730 409 adde
753 380 761 408 :

367 456 460 490 Hab.
479 455 525 490 ad
542 455 683 490 radices
708 456 838 490 montis
867 454 980 489 Gebel
999 456 1121 489 Ataka
1147 465 1262 498 prope
1291 456 1380 490 Suez
1402 455 1633 500 (Aschers.!›‚
1656 457 1692 490 in
1719 457 1871 492 desertis

322 502 725 547 AEgyptiaco-Arabicis
742 501 788 536 ad
803 501 919 536 Ouadi
936 502 1068 545 Askar,
1083 501 1200 536 Ouadi
1217 502 1353 536 Dachel
1370 507 1406 537 et
1419 503 1513 537 inter
1533 502 1659 538 Keneh
1675 508 1709 538 et
1724 502 1871 539 Kosseir

325 549 527 591 (Schweinf.
537 549 572 593 !).

199 701 295 747 907,
326 699 380 739 F.
402 699 649 746 Arabica,
671 697 779 739 adde
801 710 810 738 ε

367 786 461 820 Hab.
481 786 517 820 in
537 785 645 820 cultis
660 785 874 830 Indiyoferae
893 785 997 820 Oasis
1013 785 1154 820 Dachel
1172 784 1355 830 (Aschers.
1374 787 1486 829 585!).

362 868 400 926 β.
431 864 637 906 viscidula
668 864 887 906 Schweinf
922 865 964 905 in
997 864 1147 906 Sched.
1181 888 1234 894 -
1266 864 1463 906 Crebrius
1496 864 1875 918 papilloso—viscida

311 930 460 970 grisea,
483 919 612 970 spinae
631 917 845 959 interdum
864 917 1171 959 subbreviores.

369 989 461 1023 Hab.
482 990 520 1023 in
539 989 682 1024 deserto
703 988 877 1024 Arabico·
865 989 1100 1033 -AEgyptiaco
1121 993 1157 1024 et
1177 989 1213 1023 in
1239 989 1325 1024 Oasi
1354 991 1485 1033 magna
1507 988 1712 1031 (Schweinf.
1735 990 1800 1023 157
1812 990 1819 1022 i
1841 993 1877 1024 et

323 1037 436 1080 3471),
456 1037 491 1070 in
510 1036 652 1071 deserto
672 1035 807 1081 Libyco
823 1036 919 1071 inter
938 1036 1139 1081 AEgyptum
1159 1040 1195 1070 et
1213 1035 1325 1071 Oases
1345 1035 1530 1080 (Aschers.
1550 1037 1635 1070 582!
1657 1037 1874 1078 58315861).

200 1189 296 1233 907,
327 1185 380 1226 Γ.
401 1185 684 1234 Thebaica,
707 1183 815 1225 adde
838 1197 846 1225 :

368 1272 462 1307 Hab.
482 1272 529 1307 ad
546 1272 680 1307 deserti
698 1272 879 1317 margines
898 1282 1012 1316 prope
1031 1272 1154 1307 Esneh
1177 1272 1330 1317 AEgypti
1346 1273 1542 1316 superioris
1560 1271 1748 1316 (Aschers.
1764 1273 1831 1308 589
1841 1271 1878 1317 Ι).

202 1425 297 1471 908,
331 1423 387 1463 Γ.
409 1422 722 1474 parvstIora,
744 1421 853 1463 adde
875 1435 884 1463 :

369 1510 463 1544 Hab.
493 1510 529 1544 in
562 1510 686 1545 littore
720 1510 940 1555 AEgyptiaco
973 1510 1084 1545 maris
1121 1510 1237 1545 Rubri
1266 1511 1360 1545 inter
1392 1510 1541 1545 Kosseir
1572 1515 1608 1545 et
1636 1510 1711 1545 Ras
1739 1510 1877 1545 Banasa

325 1556 529 1600 (Schweinf.
549 1558 641 1591 2209
653 1557 688 1601 !).

203 1708 297 1754 914,
329 1704 722 1757 Zygophyllum
742 1704 1088 1753 decumbenS‚
1110 1704 1249 1746 adde:

371 1793 464 1828 Hab.
478 1793 526 1828 ad
539 1793 680 1828 radices
691 1793 822 1828 montis
837 1792 949 1828 Gebel
965 1793 1088 1828 Ataka
1101 1803 1215 1837 prope
1232 1794 1322 1829 Suez
1339 1793 1522 1834 (Aschers.
1533 1795 1539 1826 !
1554 1793 1653 1827 Ball!
1666 1793 1837 1828 Letourn.
1842 1792 1877 1837 1),

324 1841 360 1875 in
380 1841 504 1875 littore
523 1841 742 1886 AEgyptiaco
762 1841 872 1875 maris
896 1840 1013 1875 Rubri
1032 1840 1079 1875 ad
1106 1840 1181 1875 Ras
1206 1841 1343 1875 Benass
1366 1851 1480 1884 prope
1500 1840 1647 1875 Kosseir
1673 1839 1876 1884 (Schweinf.

324 1890 415 1922 2237
428 1889 434 1913 ¹

370 1889 602 1995 Δι’.)ὲοοςτ.
621 1952 764 1987 Littora
784 1951 936 1987 Nubica.

202 2107 299 2153 918,
330 2103 648 2144 Tetradiclis
668 2102 828 2151 salsa,
852 2101 959 2143 adde
979 2115 988 2143 :

370 2192 463 2227 Hab.
483 2203 598 2237 prope
615 2192 833 2227 Damascum
856 2190 1072 2236 (Wetzstein
1091 2201 1138 2226 ex
1155 2190 1323 2225 Aschers.
1343 2191 1379 2225 in
1397 2191 1497 2233 litt.).

608 2449 815 2490 ORDO
858 2449 1072 2489 xxlx.
1113 2448 1479 2489 RUTACEAE

206 2659 302 2704 927,
335 2654 759 2706 Haplophyllum
781 2653 1118 2701 suaveolenS,
1141 2652 1250 2693 adde
1270 2651 1323 2693 ad
1345 2652 1414 2691 Ar.
1437 2650 1585 2702 Geoqr.
1610 2663 1618 2691 ε

376 2743 670 2788 Transsylvania,
689 2742 830 2786 Serbia,
852 2742 952 2787 regio
972 2741 1186 2776 Danubialis
1205 2740 1368 2776 inferior.

208 2892 303 2937 931,
337 2889 401 2928 H.
423 2889 795 2939 sulphureum,
819 2886 954 2928 adde:

377 2975 470 3010 Hab.
491 2975 537 3010 ad
558 2976 647 3011 Sara
668 2986 781 3019 prope
801 2975 982 3010 Ermenek
1003 2975 1137 3010 Ciliciae
1153 2973 1327 3009 Tracheae
1345 2972 1519 3016 (Peroni).
