2094 3351
209 247 255 283 40

230 326 298 360 Pag.

935 259 1162 285 CRUCIFERAE.
1671 251 1887 298 Erysimum.

210 380 301 426 203,
337 379 392 418 Ε.
415 378 828 430 leptophyllum,
851 378 961 419 adde
979 390 1070 431 syn.
1091 392 1098 419 :
1122 378 1174 420 Ε.
1196 378 1505 432 substriqosum
1525 380 1655 433 Rupr.
1678 380 1741 422 Fl.
1758 379 1886 422 Cauc.

314 443 356 483 p.
380 433 431 472 80
451 430 565 472 nullo
583 430 707 472 modo
728 430 990 472 distinctum.

375 517 469 552 Hab.
501 528 645 562 quoque
676 518 713 552 in
742 518 894 552 Caucasi
926 518 1098 553 centralis
1128 517 1286 553 vallibus
1311 517 1394 553 fluv.
1421 519 1541 554 Terek
1575 524 1610 554 et
1637 519 1763 554 Ardon
1790 524 1826 554 et
1854 520 1891 554 in

328 565 580 609 Daghestania
602 566 813 599 1200-3000'
833 565 962 609 (Rupr.
974 565 1007 608 l).

208 724 300 769 204,
331 726 428 773 post
450 722 505 761 E.
529 720 865 772 aciphyllum
885 721 1022 761 insere
1045 733 1052 760 :

205 1763 297 1809 204,

204 2760 282 2799 206
289 2790 298 2806 ,

367 811 419 849 E.
439 809 837 850 nasturtioides
858 809 1010 859 (Boiss.
1034 812 1077 850 et
1097 809 1303 861 Haussk.)
1321 809 1410 851 basi
1431 809 1729 851 suffrutescens
1749 811 1891 863 caespi-

313 866 452 903 tosum
471 862 582 914 pube
612 862 815 914 bipartita
844 862 1163 914 adpressissima
1188 862 1282 914 pilis
1307 863 1451 915 paucis
1471 862 1623 904 trifidis
1648 863 1892 904 intermixta

312 915 496 956 obsitum
515 914 670 967 pallide
688 915 841 964 virens,
865 914 1053 956 caulibus
1072 915 1239 967 pumilis
1260 915 1471 964 tenuibus,
1495 914 1601 957 foliis
1629 915 1891 957 surculorum

312 967 560 1009 radicalium
581 966 778 1009 confertis
793 968 967 1009 caulinis
980 968 1136 1020 sparsis
1151 968 1343 1009 omnibus
1359 972 1539 1020 anguste
1554 968 1892 1021 lineari-spathu-

312 1021 408 1062 latis
440 1021 576 1062 acutis
602 1020 987 1069 subcanaliculatis,
1019 1021 1196 1062 racemis
1227 1020 1480 1073 paucifloris,
1511 1021 1722 1081 pedicellis
1751 1021 1892 1074 calyce

312 1073 675 1122 subbrevioribus,
717 1074 870 1126 petalis
908 1073 1063 1115 croceis
1103 1073 1227 1133 longe
1264 1074 1548 1125 unguiculatis
1587 1074 1727 1127 calyce
1767 1074 1891 1126 duplo

314 1127 585 1179 longioribus,
626 1138 792 1168 racemo
830 1125 1046 1167 fructifero
1081 1126 1197 1168 brevl
1235 1126 1343 1175 laxo,
1378 1127 1537 1179 siliquis
1575 1127 1891 1179 erecto-patulis

312 1180 458 1232 rigidis
473 1193 497 1220 a
512 1179 634 1220 dorso
650 1179 994 1232 subcompressiS,
1008 1191 1134 1220 nervo
1150 1179 1287 1220 medio
1301 1179 1476 1220 valvulae
1491 1180 1766 1232 prominente,
1783 1180 1891 1232 stylo

312 1233 427 1274 tenui
447 1232 671 1274 subretuso
691 1233 851 1285 siliquae
872 1231 1098 1273 latitudine
1117 1232 1384 1284 sublongiore
1411 1236 1468 1280 Ἃ.

371 1302 466 1337 Hab.
499 1302 546 1337 ad
589 1303 689 1337 nives
723 1303 881 1346 regionis
919 1302 1052 1346 alpinae
1085 1303 1259 1336 montium
1295 1302 1419 1337 Kellal
1449 1308 1485 1338 et
1513 1302 1719 1338 Ssebsekuh
1746 1302 1892 1337 ditionis

325 1350 532 1384 Bachtiaris
552 1350 685 1385 Persiae
706 1349 943 1384 occidentalis
965 1348 1184 1394 (Haussk.!).

372 1415 503 1450 Caules
524 1414 705 1449 fructiferi
722 1414 996 1458 4-5—pollicares
1016 1413 1094 1448 fere
1117 1424 1139 1448 a
1165 1413 1244 1449 basi
1266 1414 1470 1458 siliquiferi,
1497 1414 1586 1449 folia
1612 1414 1787 1449 inferiora
1812 1425 1892 1449 cum

324 1462 460 1506 petiolo
492 1462 601 1506 longo
632 1461 709 1496 fere
736 1462 929 1505 pollicaria
954 1461 1058 1505 apice
1083 1463 1142 1495 2-3
1173 1461 1288 1496 lineas
1315 1462 1402 1505 lata,
1430 1461 1538 1496 flores
1566 1462 1714 1505 magnit.
1735 1462 1781 1496 E.
1801 1462 1892 1496 Kot-

322 1509 480 1555 schyani,
498 1509 640 1553 siliquae
660 1510 720 1543 8-9
741 1510 856 1543 lineas
877 1509 994 1553 longae
1016 1514 1051 1543 et
1073 1507 1112 1550 ³l⁴
1136 1508 1241 1543 lineae
1262 1509 1347 1543 latae
1371 1509 1464 1553 stylo
1485 1509 1616 1543 lineam
1642 1509 1762 1553 longo.
1783 1509 1892 1543 Facie

323 1556 589 1600 quodammodo
610 1556 798 1591 Nasturtii
817 1556 945 1600 asperi.
972 1556 1176 1600 Specimina
1201 1566 1246 1590 ex
1273 1556 1455 1590 montibus
1481 1558 1665 1590 Avroman
1689 1562 1724 1590 et
1747 1555 1891 1591 Schalm

324 1603 571 1639 Kurdistaniae
598 1603 645 1638 ad
666 1604 765 1638 nives
783 1605 950 1638 6—10000'
970 1608 1110 1637 tantum
1130 1602 1293 1638 florifera
1313 1603 1383 1637 huc
1402 1603 1643 1647 probabiliter
1664 1607 1843 1647 spectant.

329 1764 425 1813 post
447 1762 502 1801 Ε.
526 1761 904 1812 leptocarpum
925 1761 1061 1801 insere
1084 1773 1091 1800 :

367 1847 423 1886 E.
483 1847 790 1887 ladiiferum
811 1845 962 1893 (Boiss.
986 1849 1029 1886 et
1049 1845 1255 1897 Haussk.)
1275 1845 1484 1898 pluriceps
1504 1844 1614 1898 pube
1629 1845 1740 1886 omni
1754 1845 1892 1898 bipar-

312 1900 392 1940 tita
412 1912 452 1940 as
498 1901 614 1941 ressa
628 1910 867 1948 canescens,
886 1897 994 1939 foliis
1011 1898 1456 1951 oblongo-lanceolatis
1470 1898 1646 1950 integris
1662 1898 1726 1939 vel
1743 1910 1892 1950 repan-

312 1952 375 1994 dis
396 1965 443 1993 ra
475 1952 650 1994 icalibus
677 1953 719 1993 in
745 1952 946 2004 petiolum
974 1952 1146 2003 longum
1173 1952 1406 1992 attenuatis
1439 1951 1613 1992 caulinis
1641 1951 1892 2003 angustiori-

310 2005 389 2047 bus
424 2005 734 2054 subsessilibus,
765 2005 954 2046 caulibus
980 2005 1147 2057 pumilis
1174 2004 1228 2045 ad
1254 2004 1399 2045 axillas
1425 2004 1637 2045 interdum
1671 2003 1891 2044 ramulosis

310 2059 461 2100 erectis
482 2059 545 2100 vel
566 2058 890 2100 ascendentibus
917 2057 1169 2111 paucifloris,
1198 2056 1371 2098 floribus
1391 2056 1669 2098 mediocribus
1689 2056 1891 2109 pedicello

309 2112 553 2153 brevissimo
574 2111 747 2153 tandem
766 2112 1000 2152 incrassato
1020 2109 1217 2159 suffultis,
1236 2110 1387 2162 petalis
1407 2109 1524 2151 flavis
1546 2110 1734 2161 oblongis
1751 2109 1892 2162 calyce

309 2165 523 2206 bisaccato
561 2164 982 2217 sesquilongioribus,
1023 2164 1182 2216 siliquis
1219 2163 1523 2216 patentissimis
1561 2162 1812 2214 longissimis
1849 2162 1892 2202 in

310 2218 467 2271 stylum
494 2230 639 2259 earum
664 2217 891 2259 latitudine
921 2217 1150 2269 longiorem
1185 2216 1302 2269 apice
1335 2216 1566 2268 capitatum
1599 2216 1752 2257 sensim
1785 2218 1892 2255 atte-

311 2271 452 2312 nuatis
481 2271 715 2324 tetragonis
743 2283 768 2311 a
795 2270 917 2311 dorso
946 2269 1208 2322 compressis,
1241 2269 1370 2310 valvis
1403 2268 1766 2321 longitudinaliter
1798 2279 1892 2320 pro-

310 2323 438 2365 funde
454 2324 673 2366 bisulcatis
692 2324 804 2365 inter
823 2324 959 2364 sulcos
980 2322 1424 2364 elevatimmninerviis
1451 2325 1509 2369 Ql.

370 2394 464 2429 Hab.
491 2395 527 2429 in
553 2395 768 2439 graminosis
793 2394 968 2429 calcareis
989 2393 1121 2427 montis
1144 2393 1205 2427 Pir
1225 2392 1336 2427 Omar
1363 2391 1515 2427 Gudrun
1536 2391 1789 2426 Kurdistaniae
1806 2391 1891 2426 Per·

322 2443 407 2477 sicae
429 2443 573 2477 3—6000'
591 2442 806 2486 (Haussk.!).

371 2506 498 2541 Facies
517 2506 564 2540 E.
584 2505 747 2549 repandi,
768 2504 832 2539 sed
859 2513 1029 2548 perenne,
1057 2502 1180 2538 caules
1210 2513 1289 2537 cum
1315 2512 1459 2537 racemo
1485 2501 1676 2536 fructifero
1706 2500 1889 2545 4-6—polli-

322 2563 437 2588 cares.
456 2553 602 2597 Species
621 2553 770 2597 insignis
791 2552 930 2595 siliquis
947 2553 1006 2585 2-3
1025 2550 1178 2594 pollices
1207 2549 1324 2594 longis
1350 2549 1482 2584 lineam
1512 2548 1597 2584 latis
1623 2548 1671 2583 ad
1700 2554 1891 2592 utramque

322 2600 451 2635 faciem
472 2600 517 2635 ob
538 2610 687 2635 nervum
708 2598 815 2634 valde
834 2599 1099 2643 prominentem
1119 2596 1300 2642 profunde
1319 2596 1520 2631 bisulcatis.

333 2759 389 2798 Ε.
413 2756 687 2797 Altaicum
713 2768 720 2796 :

370 2844 538 2879 Plantam
569 2843 813 2886 Caucasicam,
843 2853 950 2887 quam
977 2853 1048 2876 non
1080 2841 1164 2885 vidi,
1193 2841 1238 2875 cl.
1268 2840 1458 2884 Ruprecht
1488 2839 1543 2874 Fl.
1573 2839 1680 2874 Cauc.
1711 2849 1746 2883 p.
1772 2840 1817 2873 82
1843 2838 1889 2873 ab

325 2892 469 2927 Altaica
490 2891 668 2926 diversam
686 2895 852 2925 autumat
873 2895 908 2924 et
931 2889 997 2924 sub
1018 2889 1161 2924 nomine
1180 2888 1227 2923 E.
1248 2887 1452 2933 Meyen’am'
1468 2886 1650 2930 describit,
1668 2885 1731 2921 sed
1751 2885 1796 2921 ob
1817 2885 1890 2921 sili-

321 2949 414 2984 quas
434 2939 688 2974 semimaturas
710 2942 851 2972 tantum
869 2942 974 2971 notas
995 2936 1149 2971 ulterius
1167 2933 1407 2970 observanda.
