2115 3250
236 229 386 276 Cytisus.
938 239 1192 264 nncummosffl.
1839 232 1903 267 161

232 309 293 344 Png
300 330 308 337 .

261 363 326 410 53,

256 1439 320 1485 53,

255 1895 319 1941 60,

254 2164 319 2210 71,

255 2384 320 2430 78,

254 2696 319 2741 79,

254 2916 319 2961 81,

386 363 452 402 ost
473 362 524 401 C.
547 360 912 408 Austriacum‚
933 359 1024 400 loeo
1043 376 1080 413 γ.
1102 359 1387 419 microphylli,
1409 361 1545 401 insere
1571 360 1617 402 C.
1639 360 1906 403 leucanthum

378 413 444 461 it.‚
468 412 644 454 Kerner.
666 411 781 453 Mon.
804 411 962 453 Tuboe.
985 415 1023 460 6,
1047 412 1106 453 sie
1123 411 1406 453 definiendum
1429 425 1437 453 ε

393 500 445 540 C.
480 499 805 539 leucanthus
841 498 948 551 (Kit.
982 498 1044 539 Pl.
1079 498 1222 551 Hung.
1256 499 1345 540 tab.
1383 499 1476 550 132)
1509 499 1747 549 fruticosus‚
1780 502 1907 542 ramis

337 551 501 600 erectis,
523 551 630 592 foliis
656 551 844 592 obovatis
864 551 929 592 vel
954 551 1396 592 obovato-lanoeolatis
1421 552 1623 593 viridibus
1650 552 1908 604 adpressius-

338 603 428 645 cule
447 603 634 652 hirsutis,
657 603 828 645 fioribus
853 603 1143 645 terminalibus
1166 603 1294 645 dense
1319 605 1529 656 capitatis,
1554 605 1707 645 corolla
1727 605 1824 646 alba
1843 606 1909 647 vel

337 655 620 705 albo-flavida,
652 656 861 709 calyoibus
886 656 1009 708 longe
1035 660 1078 697 et
1102 656 1435 709 adpressiuseule
1466 656 1750 698 rufo-hirsutis
1777 658 1804 709 3
1821 690 1830 699 .
1862 658 1907 700 O.

335 707 594 802 ffuffriaffls
614 721 701 749 var.
732 708 982 750 leucanthus
1007 713 1120 750 auct.
1142 733 1194 738 —
1220 708 1263 751 C.
1289 708 1415 750 ‘albas
1440 710 1574 762 Haoq.
1598 710 1728 763 Karp.
1751 714 1801 752 49
1826 723 1906 752 non

371 774 414 802 in
451 793 460 802 .

395 830 489 866 Hab.
509 831 546 865 in
564 830 732 865 Rumelia
754 829 910 874 (Friv.!).

385 894 426 987 E.
449 891 768 952 microphyllus.
790 891 1206 963 —·F*oliol.‘0i.·min0ra7
1222 892 1461 952 adpressius
1490 893 1669 953 hirsuta,
1692 894 1907 954 legumina

335 944 711 1051 ssigraffiuacgtapplgis
743 956 878 997 magis
904 945 1074 998 patulis.
1096 968 1148 973 —-
1170 944 1213 987 C.
1242 945 1548 999 macrophyllus
1579 946 1713 987 Bolss.
1749 947 1904 997 Diagn.

393 1069 488 1112 Hab,
507 1070 543 1103 in
565 1073 686 1103 monte
710 1069 838 1103 Pelion
864 1068 1064 1104 Thessaliae
1096 1069 1227 1112 (Auch.
1257 1070 1391 1114 1109!)‚
1411 1070 1448 1104 in
1473 1075 1594 1104 monte
1614 1070 1758 1114 Velugo
1790 1070 1910 1109 (Nico-

348 1115 454 1151 laidis
464 1116 499 1160 !).
519 1116 657 1150 Eadem
677 1115 793 1150 forma
812 1116 849 1150 in
868 1115 995 1151 Serbia
1015 1127 1158 1160 quoque
1175 1117 1304 1151 crescit
1325 1117 1384 1161 (cl.
1402 1117 1571 1159 Paneion.

367 1216 373 1221 ‚
393 1180 497 1215 Hanc
513 1180 677 1224 plantam
697 1190 719 1215 a
741 1179 777 1215 0.
791 1180 991 1215 Austriaco
1010 1180 1177 1224 specifice
1197 1171 1403 1215 distinctam
1431 1186 1595 1216 autumat
1616 1181 1660 1216 cl.
1683 1181 1825 1217 Kerner
1848 1183 1911 1227 qui

350 1225 584 1272 waocytisos
601 1227 881 1271 monographice
897 1228 1070 1262 tractavit
1091 1233 1127 1263 et
1147 1228 1225 1272 ejus
1242 1229 1459 1263 sententiam
1479 1239 1611 1272 sequor

394 1290 463 1326 Ar.
483 1290 628 1335 Geogr.
647 1291 762 1336 Regio
782 1291 1009 1336 Danubialis,
1029 1292 1160 1328 Rossia
1180 1293 1368 1328 australis.

355 1437 407 1477 C.
432 1437 706 1488 capitatus
731 1450 740 1478 :

393 1526 435 1560 In
454 1526 524 1561 hac
543 1527 664 1570 speeie
684 1526 728 1561 cl.
749 1526 870 1571 Kern„
889 1526 987 1560 Mon.
1008 1525 1143 1560 Tuboe.
1164 1537 1200 1570 p.
1222 1528 1276 1570 11,
1300 1524 1336 1561 0.
1361 1526 1528 1570 supinum
1541 1526 1583 1567 L.
1604 1527 1665 1570 Sp.
1683 1527 1752 1560 740
1769 1526 1908 1569 (exclu-

345 1573 393 1608 sis
411 1573 665 1616 varietatibus)
683 1574 864 1618 agnoscit3
883 1584 927 1608 ex
945 1573 989 1607 cl.
1009 1578 1160 1608 auctore
1186 1573 1282 1608 inter
1308 1574 1447 1617 species
1480 1572 1596 1618 Cytisi
1618 1572 1838 1608 laterifloras
1870 1579 1906 1608 et

346 1630 407 1655 eas
438 1619 587 1655 floribus
618 1620 870 1655 terminalibus
905 1620 1059 1654 donatas
1096 1621 1289 1654 transitum
1328 1620 1468 1664 praebet
1512 1620 1557 1654 ob
1599 1619 1905 1655 inflorescentiam

346 1667 526 1711 duplicem
547 1668 700 1702 alteram
720 1667 904 1702 vernalem
923 1666 1031 1702 fiores
1052 1667 1225 1702 laterales
1246 1677 1265 1701 e
1284 1668 1394 1701 ramis
1414 1667 1610 1710 annotinis,
1631 1667 1787 1701 alteram
1808 1668 1905 1701 aesti-

345 1715 462 1749 valem
484 1720 519 1750 et
535 1715 761 1750 terminalem
782 1714 829 1749 ad
849 1724 968 1749 ramos
988 1714 1162 1750 novellos.
1182 1714 1322 1748 Nomen
1340 1713 1544 1758 specificam
1565 1714 1733 1758 Jacquini
1754 1713 1798 1748 ob
1820 1724 1904 1748 con-

346 1761 523 1796 fusionem
541 1762 742 1806 specierum
761 1762 919 1806 plurium
940 1761 1005 1796 sub
1032 1761 1070 1797 0.
1089 1761 1219 1806 supino
1239 1761 1469 1796 confusarum
1489 1761 1576 1795 mihi
1601 1761 1722 1805 aptius
1746 1760 1904 1796 videtur.

353 1892 558 1933 ononis
577 1893 775 1942 Sicula,
798 1892 907 1934 adde
929 1906 938 1933 :

343 1981 484 2072 Rflag.
503 1983 539 2017 in
560 1983 668 2028 Cypri
687 1987 810 2018 monte
828 1981 1093 2028 Pentadactylo
1120 1986 1156 2017 et
1181 1982 1362 2017 montibus
1390 1992 1505 2026 prope
1530 1981 1721 2027 Kalorgha
1745 1982 1848 2025 (Sint.
1871 1987 1907 2016 et

379 2040 436 2073 igo
475 2057 482 2063 .

349 2161 653 2213 Trigonella
673 2162 885 2210 striata,
907 2161 1017 2203 adde
1037 2162 1160 2202 Areae
1183 2162 1332 2213 Geoqr.
1358 2175 1366 2203 :

391 2249 517 2285 Serbia
535 2249 720 2294 (Panum).

350 2381 403 2423 Τ.
426 2382 809 2433 rhytidocarpa
827 2394 837 2423 :

391 2467 509 2512 Hujus
529 2468 662 2512 speciei
678 2479 808 2503 nomen
825 2469 975 2503 erronee
995 2479 1016 2503 a
1036 2469 1082 2504 cl.
1103 2468 1225 2504 Baker
1241 2470 1277 2503 in
1297 2469 1353 2503 Fl.
1373 2469 1462 2503 Brit.
1489 2468 1592 2503 India
1618 2473 1657 2503 ut
1683 2479 1905 2514 synonymon

344 2515 532 2596 ἔὸξέηιέἰιί
550 2516 684 2597 ὅίἓαῑιιι·
701 2526 745 2550 ex
763 2516 1042 2551 commutatione
1066 2526 1146 2551 cum
1171 2517 1208 2551 T.
1228 2516 1484 2562 rhytidocarpci
1506 2516 1648 2551 Hohen.
1669 2516 1720 2560 pl.
1739 2526 1813 2551 exs.
1833 2527 1905 2550 non

349 2693 403 2734 Τ.
426 2694 698 2745 Aleppica,
721 2693 830 2735 adde
852 2707 861 2735 ε

391 2781 486 2817 Hah.
503 2783 540 2817 in
559 2783 581 2817 J
584 2782 698 2817 udaeae
714 2783 810 2818 valle
828 2783 1000 2819 Cedronis
1018 2788 1054 2818 et
1074 2784 1238 2819 Samaria
1255 2794 1369 2828 prope
1390 2783 1412 2818 J
1416 2784 1497 2818 enin
1516 2782 1720 2829 (Barbeyl).

349 2916 404 2953 T.
428 2912 707 2963 Kotschyi,
730 2911 840 2953 adde
861 2924 869 2953 :

392 2998 486 3033 Hab.
504 2999 539 3032 in
561 2998 760 3043 Coelesyria
776 2998 821 3033 ad
839 2998 1003 3033 Balbeck
1025 2998 1183 3043 (Peyron
1195 2998 1230 3042 !).

1674 3060 1713 3095 ss
