2094 3351
211 234 256 268 28

209 316 278 344 Pag,

218 369 304 413 1:56,

216 1135 303 1179 137,

218 1962 307 2005 137,

224 2417 311 2463 ias,

936 242 1176 266 FUMARiACEAE
1684 229 1882 264 ‚Fumariss>.

337 370 430 417 post
450 366 502 405 P.
526 365 864 405 Anatolieam
884 364 1019 404 insere
1042 377 1050 403 :

369 453 421 491 F.
460 452 740 491 rostellata
777 450 917 501 (Knaf
947 450 1070 491 Flora
1112 453 1225 498 1846,
1261 462 1301 501 p.
1336 449 1439 496 290)
1470 454 1612 490 erecta
1643 449 1706 490 vel
1737 448 1886 489 diffusa

316 505 598 554 glaucescons,
639 504 798 544 laciniis
837 503 971 555 planis
1002 508 1181 553 anguste
1219 502 1674 553 oblongo-lanceolatis,
1709 502 1885 542 racemis

318 557 590 597 ‹lensiusculis
629 556 798 596 tandem
840 556 956 602 laxis,
991 555 1173 595 bracteis
1205 554 1647 605 oblongo-lanceolatis
1684 553 1886 605 pedicello

316 609 530 650 fructifero
549 613 879 660 erecto-patente
896 608 991 648 sub·
1005 608 1068 648 vel
1085 607 1253 648 dimidio
1268 606 1542 654 brevioribus,
1560 606 1730 647 floribus
1748 607 1886 658 parvis

317 663 506 713 angustis
528 662 655 702 roseis
675 662 791 712 apice
819 661 1145 712 atropurpu1·eiS‚
1174 672 1218 700 se
1253 660 1327 700 alis
1353 660 1486 700 ovatis
1513 659 1766 700 muci-enatis
1790 658 1887 699 den-

318 716 418 755 tatis
440 714 602 754 corolla*
624 714 725 754 tubo
746 713 963 754 latioribus
984 713 1072 764 ejus
1104 725 1155 753 ue
1176 672 1323 753 tubum
1340 711 1556 752 dimidium
1575 711 1884 763 superantibus,

316 767 465 819 petalis
505 766 779 807 exterioribus
817 766 934 817 apice
967 766 1077 806 mani
1099 769 1187 805 este
1219 765 1427 813 rostratis,
1466 764 1605 805 fructu
1637 764 1887 815 subgloboso

316 820 465 861 obtuso
487 818 970 870 tuberculato-ruguloso
986 820 1049 866 Θ.

351 938 357 943 .
374 889 466 974 Half.
490 890 529 969 iilix
549 889 654 960 c'ultis
675 889 721 923 ad
741 889 880 923 radices
898 888 1077 922 australes
1096 888 1269 921 montium
1289 887 1431 921 Balkan
1455 897 1570 930 prope
1587 887 1754 930 Tchipka
1774 887 1888 921 Thra-

328 948 391 971 ciae
459 947 502 970 an
521 945 600 973 ‘a.›.

377 999 443 1033 Ar.
469 998 611 1041 Geogr.
632 999 827 1034 Germania
845 998 1013 1042 borealis,
1032 998 1217 1040 Bohemia,
1236 998 1334 1042 regio
1356 997 1582 1041 Danubialis,
1603 997 1746 1031 Bosnia.

336 1134 430 1182 post
450 1131 503 1170 P.
528 1130 897 1180 capreolatam
917 1130 1054 1170 insere
1073 1142 1080 1168 :

371 1219 422 1257 P.
463 1218 740 1258 flabellata
774 1216 994 1268 (Gasparr.
1034 1215 1206 1256 Rendic.
1243 1214 1372 1255 Acad.
1408 1214 1516 1266 Nap.
1548 1214 1639 1254 Vol.
1676 1213 1709 1262 Ι,
1777 1245 1785 1253 .
1820 1213 1888 1263 51)

318 1274 459 1311 erecta
480 1270 543 1311 vel
563 1269 767 1311 scandens
789 1269 1070 1321 glaucesefflis,
1086 1267 1277 1308 foliorum
1292 1268 1451 1308 laciniis
1467 1267 1679 1308 latissimis
1695 1266 1745 1307 ob
1765 1277 1890 1317 ongo-

319 1324 467 1369 ovatis‚
492 1323 666 1363 racemis
695 1322 816 1372 longe
842 1321 1134 1373 pedunculatis
1163 1321 1281 1368 laxis,
1314 1320 1496 1360 bracteis
1525 1319 1769 1360 lanceolatis
1795 1328 1890 1359 acu-

319 1376 488 1416 minatis
515 1375 715 1427 pedicello
737 1373 951 1415 fructifero
976 1372 1312 1425 patenti-reflexo
1339 1373 1462 1424 triplo
1485 1371 1759 1420 brevioribus,
1782 1370 1890 1411 fiori-

318 1429 396 1469 bus
435 1429 597 1479 magnis
636 1427 784 1467 albidis
830 1427 947 1478 apice
983 1426 1225 1478 purpureis,
1266 1424 1417 1477 sepalis
1463 1425 1547 1465 late
1585 1425 1718 1465 ovatis
1756 1423 1891 1464 acutis

321 1481 503 1521 dentatis
526 1480 688 1520 corollae
710 1479 811 1520 tubo
836 1479 1042 1531 aequilatis
1063 1483 1105 1519 et
1125 1480 1175 1518 ea
1194 1478 1319 1529 triplo
1339 1477 1613 1525 brevioribus,
1637 1477 1789 1517 nucula
1807 1488 1892 1517 me-

320 1533 447 1574 diocri
465 1533 636 1585 globosa
651 1532 802 1573 obtusa
816 1536 859 1572 et
873 1532 989 1583 apice
1008 1530 1262 1572 bifoveolata
1275 1530 1592 1582 subcompressa
1611 1529 1810 1581 rugulosa
1825 1531 1889 1577 Θ.

378 1604 472 1638 Hab.
499 1605 534 1638 in
560 1603 737 1637 umbrosis
764 1603 895 1636 montis
921 1602 1116 1645 Strongola
1145 1602 1262 1636 Cretae
1292 1601 1404 1635 ‹Friv.
1430 1611 1474 1635 ex
1500 1600 1684 1644 Haussk.)‚
1704 1600 1824 1644 Lyciae
1845 1599 1892 1633 ad

332 1651 567 1685 Marmarissa
587 1650 755 1689 (Lefevre
773 1660 817 1684 ex
837 1649 1021 1691 Haussk.)‚
1042 1648 1088 1682 ad
1109 1648 1243 1683 Adalia
1262 1648 1409 1692 (Bourg.
1423 1649 1458 1684 l).

378 1714 495 1749 Valde
515 1714 636 1748 affinis
661 1713 825 1748 omnibus
846 1713 939 1747 notis
967 1712 1013 1746 F.
1033 1712 1243 1755 capreolatae
1270 1722 1292 1745 a
1313 1713 1384 1755 qua
1410 1711 1545 1755 sepalis
1571 1710 1717 1745 corollae
1741 1719 1892 1753 propor-

336 1762 435 1796 tione
455 1761 681 1796 brevioribus
701 1761 914 1803 nuculisque
934 1759 1364 1803 tuberculato-rugulosis
1385 1769 1450 1793 nec
1470 1758 1670 1793 laevissimis
1686 1757 1818 1791 differt.

379 1824 446 1859 Ar.
466 1824 610 1867 Geogr.
630 1825 749 1868 Italia,
769 1825 902 1866 Sicilia,
920 1823 1117 1866 Dalmatia,
1139 1822 1265 1857 Africa
1281 1822 1452 1857 borealis.

340 1959 396 1998 Γ.
418 1957 644 1998 Thureti
668 1969 675 1996 :

380 2046 483 2080 Hanc
503 2046 548 2080 cl.
570 2044 826 2079 Haussknecht
847 2044 945 2079 Oest.
966 2044 1047 2077 Bot.
1068 2044 1169 2086 Zeit.,
1192 2044 1293 2085 1877,
1316 2053 1350 2085 p.
1380 2044 1420 2076 51
1446 2040 1597 2075 eandem
1615 2051 1658 2075 ac
1680 2040 1722 2074 F.
1746 2039 1896 2075 Reuteri

335 2094 448 2127 Boiss.
479 2103 556 2127 esse
581 2098 757 2134 autumat,
781 2091 843 2126 sed
869 2092 946 2125 haec
976 2091 1042 2125 etsi
1069 2089 1175 2124 valde
1207 2089 1326 2124 affinis
1356 2088 1525 2123 foliorum
1553 2088 1746 2132 segmentis
1777 2086 1892 2121 multo

335 2140 603 2184 angustioribus
618 2139 876 2183 pedicellisque
895 2137 1093 2172 fructiferis
1112 2136 1322 2181 patentibus
1342 2146 1409 2170 nec
1426 2134 1570 2170 reflexis
1588 2134 1715 2169 differe
1732 2133 1894 2176 videtur3

336 2198 422 2222 area
447 2187 692 2231 geographica
721 2187 868 2230 insuper
903 2185 1056 2227 diversa,
1086 2195 1168 2218 nam
1195 2183 1391 2227 specimina
1420 2182 1663 2217 Granatensia
1687 2181 1802 2216 citata
1827 2181 1895 2216 etsi

336 2234 441 2268 valde
469 2235 689 2278 incompleta
715 2233 801 2268 mihi
826 2232 874 2267 ad
900 2232 942 2267 F.
966 2232 1116 2266 Reuteri
1140 2232 1260 2275 potius
1286 2240 1394 2274 quam
1420 2229 1466 2264 ad
1486 2229 1532 2264 F.
1556 2229 1707 2264 Thur-eti
1725 2232 1892 2272 spectare

338 2281 516 2316 videntur.

344 2425 418 2466 pro
438 2415 492 2455 F.
516 2413 734 2465 agraria
754 2424 862 2465 pone
880 2425 887 2452 :

377 2503 429 2542 P.
454 2502 628 2552 major
649 2500 772 2553 (Bad.
795 2500 837 2541 in
862 2499 1035 2541 Morett.
1059 2498 1154 2539 Bot.
1177 2498 1231 2539 It.
1255 2497 1347 2538 Vol.
1369 2497 1403 2546 Ι,
1426 2509 1468 2550 p.
1494 2496 1561 2548 10)
1581 2495 1775 2537 foliorum
1800 2495 1898 2537 laci-

328 2555 405 2595 niis
419 2553 862 2606 oblongo-lanceolatis
876 2552 1025 2605 planis,
1041 2551 1218 2592 racemis
1234 2550 1352 2599 laxis,
1368 2550 1521 2602 sepalis
1540 2548 1737 2590 tenuibus
1757 2551 1899 2589 ovato-

327 2607 570 2648 lanceolatis
599 2607 666 2647 vix
691 2605 890 2647 carinatis
917 2604 1166 2645 acuminatis
1186 2604 1228 2644 in
1248 2607 1338 2644 toto
1358 2602 1521 2644 ambitu
1543 2600 1897 2642 lineari-dentatis

327 2659 481 2701 corolla
510 2660 565 2700 tri
597 2659 634 2700 lo
662 2658 935 2706 brevioribus,
962 2657 1145 2698 bracteis
1170 2655 1372 2709 pedicello
1399 2653 1614 2696 fructifero
1640 2658 1781 2695 erecto
1804 2653 1899 2694 bre-

328 2713 526 2760 vioribus,
580 2711 719 2753 oribus
738 2711 868 2752 roseis
888 2710 1006 2762 apice
1025 2710 1188 2750 intense
1213 2709 1448 2761 purpureis,
1470 2706 1612 2748 fructu
1630 2717 1783 2759 magno
1803 2705 1899 2747 sub—

329 2765 531 2818 sphaerico
551 2776 680 2817 opaco
700 2763 965 2804 tuberculato
984 2762 1134 2803 obtuso
1155 2762 1271 2814 apice
1288 2761 1511 2802 subretuso
1533 2762 1596 2809 Θ.

388 2836 483 2871 Hab.
498 2837 533 2870 in
548 2836 655 2870 cultis
669 2836 803 2870 Atticae
821 2835 976 2879 (Sprun.,
990 2833 1162 2877 Heldr.!)‚
1177 2832 1354 2878 Zacynthi
1372 2831 1503 2876 (Marg.
1515 2833 1549 2876 l),
1571 2832 1688 2866 Cretae
1710 2829 1851 2874 (Heldr.
1865 2830 1899 2874 l).

391 2901 436 2936 F.
457 2901 602 2946 ayraria
624 2901 724 2944 Lag.‚
750 2900 946 2943 Hispaniae,
967 2899 1176 2942 Lusitaniae,
1197 2897 1332 2932 Africae
1349 2896 1507 2931 borealis
1527 2895 1657 2939 incola⁷
1677 2905 1699 2930 a
1725 2895 1798 2939 qua
1822 2904 1900 2929 eam

344 2959 414 2983 non
441 2948 688 2990 distinxeram,
707 2946 829 2981 differt
857 2946 991 2990 sepalis
1019 2946 1134 2989 magis
1166 2945 1369 2978 chartaceis
1390 2943 1604 2978 lanceolatis
1633 2943 1740 2987 longe
1767 2941 1900 2976 acumi-

345 2997 438 3030 natis
456 2994 723 3039 paucidentatis
746 2993 852 3028 valde
873 2993 1056 3036 carinatis,
1076 2992 1234 3026 bracteis
1254 2991 1434 3035 pedicello
1459 2989 1648 3025 fructifero
1677 2988 1902 3033 aequilongis,
