2094 3351
203 250 272 286 246

203 331 272 366 pag.

898 259 1174 284 cnsssuLACicAE.
1725 247 1848 283 sedum
1857 277 1865 285 .

363 385 413 424 S.
449 384 754 424 rosulatum
787 382 869 475 SEd
903 394 976 424 ew.
1009 383 1050 423 in
1081 382 1229 423 Trans.
1263 381 1385 422 Linn.
1421 380 1513 423 Soc.
1548 381 1639 429 XX,
1674 384 1742 428 48)
1777 393 1874 422 cau-

311 437 456 477 diculis
495 436 689 477 tenuibus
726 439 790 476 sto
809 436 875 476 oni
896 436 975 476 eris
1018 435 1094 476 sub
1140 434 1330 476 foliorum
1375 434 1524 475 rosulis
1564 433 1869 482 radicantibus,

311 489 497 530 caulibus
531 488 722 529 floriferis
747 488 942 529 brevibus
974 488 1150 540 sparsim
1183 491 1225 528 et
1256 488 1416 528 minute
1447 487 1616 533 foliosis,
1648 485 1753 527 foliis
1787 486 1873 538 gla-

308 542 394 582 bris
433 540 877 593 arcuato-spathulatis
914 540 978 581 vel
1010 540 1196 581 obovatis
1231 539 1494 580 inferioribus
1533 542 1576 580 et
1612 539 1873 580 surculorum

310 594 513 635 sterilium
534 594 744 641 rosulatis‚
768 605 897 645 cymae
917 592 1020 633 laxae
1042 593 1240 633 3-5-tiorae
1268 591 1438 633 floribus
1457 591 1696 644 majusculis
1716 590 1874 643 pedun-

311 647 411 688 culis
444 646 710 697 longiusculis
748 645 1085 696 subglandulosis
1121 644 1316 693 suffultis,
1350 644 1499 697 petalis
1536 644 1640 685 albis
1678 644 1875 696 oblongo-

313 700 504 751 ellipticis
544 699 676 739 acutis
715 698 866 750 calycis
909 698 1079 738 lacinias
1117 702 1261 738 ovatas
1298 697 1470 738 obtusas
1508 696 1633 748 duplo
1676 708 1877 749 superan-

312 752 422 793 tibus
463 755 520 797 Ol.
569 751 798 793 Umbilieus
835 749 1034 791 radicans
1073 750 1267 791 Klotzsch
1305 750 1345 790 iu
1382 749 1588 790 Waldem.
1629 750 1741 790 Reis.
1783 752 1872 798 144,

312 805 400 845 tab.
422 808 488 845 44.

368 874 461 908 Hab.
483 875 517 908 in
538 874 687 917 rupibus
708 874 814 908 vallis
836 873 970 907 Kuram
993 872 1197 916 Affghaniae
1218 874 1382 907 9-12000'
1403 872 1551 916 (Aitch.)
1574 871 1669 915 (Non
1690 871 1789 915 vidi).

371 937 438 972 Ar.
457 937 598 980 Geogr.
620 938 732 982 Regio
753 938 955 972 Himalaica
972 948 994 972 a
1011 937 1234 972 Cachemiria
1255 936 1298 971 ad
1320 937 1523 981 Nepaliam.

370 1086 422 1125 S.
458 1085 868 1125 adenotrichum
901 1085 1043 1137 (Wall.
1079 1084 1172 1126 Cat.
1209 1088 1327 1126 7231.
1362 1108 1411 1112 —
1445 1084 1582 1125 Hook.
1615 1083 1643 1124 f.
1677 1082 1740 1124 Fl.
1767 1083 1874 1124 Brit.

313 1138 404 1178 Iud.
441 1138 497 1186 II,
531 1138 625 1189 420)
664 1137 1158 1190 glanduloso-pubescens
1195 1138 1257 1178 vel
1296 1137 1536 1189 glabratum
1572 1136 1801 1188 pluricaule
1836 1139 1879 1177 et

314 1191 451 1231 caules
479 1191 641 1232 steriles
668 1190 931 1231 abbreviatos
958 1190 1098 1238 edens,
1128 1189 1314 1231 caulibus
1346 1191 1496 1230 crassis
1526 1189 1708 1230 carnosis
1738 1200 1880 1230 ascen-

314 1243 507 1283 dentibus
540 1244 579 1283 in
613 1243 847 1294 paniculam
875 1243 1041 1284 brevem
1071 1243 1197 1296 cymis
1223 1242 1472 1284 subtrifloris
1504 1242 1733 1283 bracteatis
1764 1253 1879 1282 eons-

313 1300 474 1336 tantvm
496 1296 761 1343 abeuntibus,
789 1295 895 1336 foliis
924 1296 1073 1336 crassis
1106 1296 1379 1348 complanatis
1409 1295 1596 1336 obovatis
1623 1295 1756 1335 acutis
1783 1305 1879 1335 cau-

313 1348 411 1388 lium
450 1349 652 1389 sterilium
691 1348 944 1389 abbreviatis
984 1349 1145 1389 caeteris
1183 1349 1338 1400 sparsis
1379 1348 1532 1389 sensim
1567 1347 1878 1399 angustioribus

314 1400 553 1449 linearibus,
590 1400 759 1441 floribus
792 1400 1098 1448 subsessilibus,
1131 1401 1281 1454 calycis
1314 1401 1474 1441 laciniis
1506 1399 1760 1451 glandulosis
1791 1399 1880 1440 lan-

315 1453 486 1493 ceolatis
536 1454 692 1500 acutis,
745 1453 893 1504 petalis
939 1453 1181 1495 lanceolatis
1227 1452 1526 1494 albo-flavidis
1568 1457 1688 1493 extus
1734 1451 1880 1493 rubro-

313 1505 478 1546 lineatis
511 1505 610 1546 flore
643 1517 824 1557 expanso
855 1507 1037 1547 recurvis
1072 1507 1212 1559 calyce
1244 1509 1367 1558 parte
1399 1505 1570 1547 dimidia
1603 1505 1874 1557 longioribus,

315 1559 497 1651 {quamis
529 1558 759 1611 hypogynis
791 1559 929 1610 parvis
962 1558 1152 1600 rotundis
1193 1563 1250 1606 91.
1291 1559 1348 1600 Ic.
1385 1557 1542 1600 Saund.
1583 1557 1752 1610 Refug„
1788 1557 1876 1599 tab.

373 1681 465 1715 IIab.
485 1682 521 1715 in
543 1687 661 1715 monte
682 1681 846 1716 Sikaram
867 1681 1070 1726 Affghaniae
1095 1684 1217 1717 11000'
1236 1682 1370 1726 (Aitch.
1392 1683 1474 1722 934)
1497 1682 1593 1725 (Non
1610 1681 1708 1724 vidi).

375 1745 496 1780 Affine
522 1745 654 1779 dicitur
676 1746 906 1789 praecedenti,
933 1746 996 1781 sed
1026 1757 1069 1781 ex
1097 1747 1258 1782 iconibus
1288 1752 1322 1781 et
1355 1747 1597 1790 descriptione
1629 1746 1737 1790 longe
1769 1745 1881 1781 distat

327 1793 491 1827 caulibus
513 1794 653 1835 crassis,
674 1792 940 1828 inflorescentia
960 1794 1181 1838 paniculata,
1203 1800 1268 1828 etc.

375 1856 441 1890 Ar.
467 1855 606 1899 Geogr.
629 1858 742 1901 Regio
762 1858 963 1892 Himalaica
979 1868 1000 1892 a
1021 1858 1245 1892 Cachemiria
1262 1858 1308 1892 ad
1328 1858 1533 1902 Nepaliam.

210 2012 301 2058 784,
338 2009 387 2049 S.
419 2019 543 2049 acre
565 2011 601 2062 β.
626 2007 927 2049 Sartorianum
952 2021 960 2049 ε

375 2096 507 2129 Forma
527 2095 750 2137 acutipetala
770 2095 901 2138 speciei
929 2094 1085 2138 analoga
1111 2094 1147 2129 S.
1168 2095 1415 2129 Hillebrandii
1440 2095 1550 2129 Fenzl
1573 2110 1614 2122 z
1645 2094 1680 2129 S.
1707 2095 1783 2130 acri
1804 2104 1880 2130 var.

331 2142 579 2176 Hillebrandiz‘
597 2142 815 2186 Hungarico.

210 2296 301 2340 787,
337 2293 389 2332 S.
414 2293 716 2343 Lampusae,
741 2291 848 2332 adde
871 2304 880 2332 ε

374 2380 465 2415 Hah.
488 2381 606 2424 Cypro
620 2381 655 2414 in
676 2380 826 2424 rupibus
841 2381 936 2415 circa
953 2381 1032 2415 Fini
1046 2381 1178 2415 montis
1197 2380 1360 2415 Troodos
1378 2386 1413 2415 et
1427 2380 1472 2415 ad
1486 2380 1743 2415 monasterium
1758 2379 1882 2414 Kikku

327 2428 403 2462 solo
424 2428 626 2462 schistaceo
647 2427 791 2462 abunde
812 2428 916 2467 (Sint.
933 2433 969 2462 et
988 2428 1125 2471 Rigob.

211 2575 300 2620 787,
337 2572 390 2612 S.
414 2572 893 2622 microstachyum,
916 2571 1023 2612 adde
1046 2584 1053 2612 :

210 2858 300 2904 787,

326 2659 467 2751 ΗΗεῑιῖἰ.
506 2660 540 2693 in
584 2660 811 2703 rupestribus
846 2659 993 2693 vallium
1031 2660 1160 2694 montis
1198 2659 1360 2694 Troodos
1400 2659 1507 2704 Cypri
1541 2659 1659 2693 rarius
1698 2658 1807 2702 (Sint.
1845 2663 1883 2693 et

359 2717 460 2751 igo..

336 2856 388 2895 S.
414 2855 703 2903 Creticum,
726 2854 833 2896 adde
856 2868 864 2895 z

373 2941 467 2976 Hab.
488 2941 533 2975 ad
555 2941 782 2976 Mesochoria
802 2941 929 2976 insulae
951 2941 1162 2985 Karpathos
1183 2942 1218 2975 in
1239 2940 1374 2975 fissuris
1394 2941 1536 2984 rupium
1559 2939 1686 2983 (Pichl.
1707 2940 1820 2982 2802).
