2094 3351
242 196 310 232 120

243 277 313 312 rag.

240 332 332 377 724,

239 543 330 589 726,

236 1081 328 1127 727,

234 1386 326 1432 728,

232 2005 324 2051 729,

231 2271 323 2317 729,

230 2675 322 2721 730,

995 213 1170 237 usuum.
1706 207 1918 245 Cera-stium.

367 331 419 371 C.
445 332 907 382 campanulatum,
930 332 1038 374 adde
1062 346 1069 374 ι

406 419 500 454 Hab.
524 420 559 454 in
580 421 754 455 Anatolia
774 420 915 456 boreali
932 421 978 456 ad
998 423 1150 458 Samsun
1169 423 1354 467 (Tchih.!).

365 543 418 582 C.
435 545 820 592 tomentosum,
843 543 951 585 adde
974 557 982 584 :

404 631 498 665 Hab.
517 632 552 665 in
570 632 719 675 regione
737 632 861 676 alpina
878 634 1010 668 montis
1028 634 1198 669 Parnassi
1213 635 1260 669 ad
1273 635 1428 680 Trypios
1441 636 1606 671 Vrachos
1620 639 1762 672 6-7000'
1778 638 1917 676 (Heldr.

356 678 468 712 Herb.
495 679 620 713 Norm.
642 680 744 723 518!)
765 680 882 714 forma
911 680 1134 725 grandiflora
1163 682 1378 726 pedunculis
1409 684 1613 728 petalisque
1644 684 1798 719 viscidis.
1831 686 1919 720 Haec

356 725 485 769 forma,
511 727 674 771 quamvis
700 727 888 770 capsulam
917 738 988 762 non
1017 728 1179 773 viderim,
1208 739 1251 764 ex
1282 729 1447 765 omnibus
1478 731 1752 766 characteribus
1780 743 1846 766 nec
1873 733 1919 767 ad

361 772 396 807 G.
422 773 686 817 yrandislorum
709 774 969 818 macranthum,
994 776 1050 809 cui
1074 776 1118 810 cl.
1146 776 1283 811 Reuter
1312 787 1390 812 eam
1417 779 1674 821 associaverat,
1703 789 1768 813 nec
1797 779 1843 814 ad
1881 779 1916 815 C'.

353 820 515 863 alpinum
543 821 646 864 cujus
667 821 882 856 varietatem
905 832 982 857 esse
1002 823 1046 856 cl.
1065 822 1190 858 Heldr.
1211 825 1247 858 in
1266 824 1398 859 litteris
1416 830 1582 860 autumat
1599 825 1822 860 collocanda.

395 901 433 952 β.
466 898 735 950 ime-siacum,
772 900 880 942 adde
912 911 1003 953 syn.
1040 914 1048 942 :
1088 900 1132 943 C'.
1168 901 1391 944 decalvans
1428 902 1606 945 Schloss.
1644 908 1687 945 et
1721 903 1832 945 Vuk.
1872 904 1914 945 fl.

343 950 487 992 Croat.
511 951 579 1000 (ex
602 952 652 993 cl.
675 952 850 1005 Janka).

362 1079 414 1120 C.
438 1080 852 1131 grandiflorum,
875 1080 983 1122 adde
1006 1095 1013 1122 :

400 1168 494 1203 Hab.
516 1170 552 1203 in
570 1175 693 1204 monte
717 1170 803 1205 OEta
827 1170 1048 1206 Phthiotidis
1066 1173 1209 1206 5-6000'
1227 1172 1369 1214 (Heldr.
1382 1173 1417 1216 1).

400 1216 440 1250 In
461 1217 622 1260 ejusdem
644 1228 719 1252 var.
740 1218 934 1262 speciosum
954 1228 1037 1263 pag.
1059 1220 1127 1253 728
1150 1219 1309 1263 capsulae
1324 1219 1450 1254 dentes
1465 1220 1569 1264 lapsu
1585 1220 1714 1254 calami
1732 1234 1747 1249 «ι
1761 1221 1918 1265 mar-qino

352 1264 504 1298 revoluti
524 1278 539 1294 »
561 1264 742 1308 dicuntur,
764 1265 845 1309 lege
867 1279 882 1294 «
903 1267 1061 1310 margine
1078 1276 1149 1301 non
1167 1267 1329 1301 revoluti.
1351 1281 1366 1296 »

361 1385 414 1425 C.
439 1385 683 1436 alpinum
706 1399 714 1426 :

398 1473 517 1516 Hujus
544 1474 678 1517 speciei
704 1473 822 1509 forma
842 1474 984 1509 videtur
1011 1485 1089 1510 esse
1114 1474 1151 1511 0.
1177 1475 1372 1510 Thomsoni
1390 1476 1508 1510 Hook.
1529 1475 1553 1510 s.
1575 1476 1631 1510 Fl.
1649 1475 1727 1510 Ind.
1749 1477 1775 1519 Ι,
1793 1487 1827 1520 p.
1849 1478 1917 1511 288

350 1520 481 1602 ξὲῗὲῗὲτ
509 1522 707 1565 specimina
728 1532 772 1556 ex
802 1522 897 1556 collo
923 1522 1042 1557 Zeran
1068 1522 1274 1567 Affghaniae
1302 1525 1490 1558 12-13000'
1514 1534 1534 1557 a
1562 1523 1605 1557 cl.
1633 1523 1821 1558 Aitchison
1848 1523 1917 1557 huc

404 1629 440 1666 C.
465 1632 700 1666 Araraticum
727 1632 843 1676 Rupr.
869 1633 925 1667 Fl.
959 1633 1066 1668 Cauc.
1096 1645 1131 1677 p.
1159 1635 1228 1668 234
1253 1633 1413 1677 capsulis
1438 1633 1706 1677 seminibusque
1731 1644 1802 1668 non
1822 1634 1916 1668 notis

350 1678 570 1722 incomplete
591 1679 812 1723 descriptum
831 1691 875 1715 ex
896 1681 1091 1724 specimine
1114 1691 1135 1715 a
1162 1680 1206 1715 el.
1227 1681 1417 1724 Ruprecht
1438 1681 1613 1716 benevole
1641 1682 1748 1715 misso
1773 1680 1916 1715 videtur

350 1725 468 1760 forma
504 1727 696 1770 eaespitosa
731 1727 996 1771 2-4-pollicaris
1037 1728 1073 1764 C.
1110 1728 1227 1772 alpini
1260 1729 1370 1773 cymis
1407 1727 1582 1762 1-4·floris
1617 1727 1714 1763 foliis
1747 1727 1916 1762 brevibus

351 1772 725 1809 lineari-lanceolatis.

396 1836 490 1870 Hab.
509 1837 545 1871 in
562 1842 683 1872 monte
701 1840 839 1873 Ararat
859 1841 983 1873 10200'
1003 1838 1193 1882 (Moritz!).
1214 1839 1308 1873 Fere
1329 1838 1454 1873 eadem
1471 1837 1589 1873 forma
1607 1837 1709 1873 adest
1728 1849 1772 1873 ex
1789 1840 1914 1872 Arme-

350 1884 420 1917 niae
441 1884 604 1919 Turcicae
622 1885 702 1919 loco
722 1896 794 1920 non
815 1885 975 1921 indicato
995 1886 1077 1931 (Ky.
1098 1888 1199 1930 1859,
1217 1886 1267 1920 ΝΟ
1288 1888 1355 1921 524
1365 1886 1398 1930 !).

360 2004 413 2044 C.
437 2014 862 2055 purpurascenS‚
889 2004 996 2046 adde
1019 2018 1027 2046 :

397 2092 492 2126 Hab.
513 2092 549 2126 in
569 2093 716 2137 regione
737 2093 861 2137 alpina
881 2093 987 2127 Ponti
1007 2093 1129 2127 Lazici
1149 2103 1260 2137 supra
1280 2093 1406 2137 Djimil
1421 2094 1522 2128 7800'
1542 2092 1680 2137 (Bal.!)‚
1697 2094 1734 2127 in
1753 2093 1913 2128 Caucaso

349 2141 513 2174 6-10000‘
534 2140 707 2184 (Rupr.!).

357 2269 410 2309 C.
435 2271 660 2309 ovatum
683 2281 692 2309 :

396 2358 515 2402 Hujus
533 2359 730 2402 specimina
758 2359 956 2393 Caucasica
981 2358 1025 2392 cl.
1055 2357 1244 2402 Ruprecht
1269 2357 1323 2392 Fl.
1346 2358 1452 2393 Cauc.
1486 2368 1521 2401 p.
1546 2359 1614 2391 237
1644 2367 1665 2391 a
1693 2356 1914 2392 Germanicis

351 2405 617 2449 aliquantulum
638 2405 784 2440 differre
805 2411 971 2440 autumat
993 2412 1028 2440 et
1049 2415 1091 2440 ea
1112 2416 1190 2439 cum
1222 2404 1259 2440 Ο.
1279 2405 1432 2448 latifolio
1455 2404 1647 2440 Caucasio«)
1667 2403 1731 2438 sub
1755 2403 1790 2439 Ο.
1813 2404 1913 2449 poly-

348 2453 494 2497 morpho
521 2464 584 2488 suo
613 2453 802 2497 conjungit
829 2453 932 2497 cujus
961 2453 1120 2496 quinque
1150 2451 1285 2486 formas
1316 2457 1516 2494 enumerat,
1547 2451 1610 2486 sed
1642 2450 1914 2485 characteribus

349 2500 604 2535 obscurissime
634 2500 804 2535 indicatis
839 2506 874 2535 et
904 2500 1068 2544 diagnosi
1097 2499 1199 2533 nulla
1225 2499 1313 2533 data
1339 2500 1460 2543 aptius
1492 2498 1635 2533 videtur
1666 2508 1727 2532 eas
1756 2498 1913 2542 plantas,

351 2547 464 2582 donec
484 2548 613 2582 melius
634 2552 729 2582 notae
749 2548 830 2591 sint,
853 2547 918 2582 sub
939 2546 1144 2581 nominibus
1164 2557 1185 2581 a
1205 2546 1250 2581 cl.
1271 2547 1396 2591 Meyer
1417 2545 1524 2580 editis
1544 2555 1766 2580 enumerare.

355 2678 451 2725 post
473 2674 526 2713 C.
549 2673 840 2713 latifolium
860 2672 996 2713 insere
1019 2684 1027 2712 :

392 2759 446 2799 C.
480 2758 749 2806 Lazicum,
778 2760 914 2798 totum
946 2755 1458 2808 glanduloso-pubescens,
1494 2753 1724 2795 rhizomate
1749 2764 1913 2813 ramoso

337 2811 576 2852 caudiculos
598 2821 841 2851 numerosos
866 2810 1012 2862 longos
1038 2812 1233 2861 repentes
1256 2808 1389 2849 nudos
1416 2807 1582 2855 edente,
1610 2807 1737 2866 ramis
1764 2808 1913 2865 erectls

336 2863 595 2916 simplicibus
626 2863 794 2916 pumilis
829 2862 956 2903 dense
988 2861 1143 2903 foliosis
1164 2861 1254 2902 aliis
1275 2860 1489 2902 sterilibus
1510 2860 1601 2900 aliis
1622 2870 1739 2911 apice
1758 2858 1910 2918 uin-vel

338 2929 504 2969 cymose
530 2915 715 2964 trifloris‚
748 2915 855 2956 foliis
882 2915 1095 2956 sessilibus
1122 2913 1514 2966 elliptico-oblongis
1534 2912 1709 2960 obtusis,
1730 2911 1912 2971 bractels

336 2971 470 3011 ovatis
497 2969 729 3017 herbaceis‚
753 2967 999 3021 pedunculis
1025 2966 1217 3009 refractis
1244 2966 1384 3019 calyce
1412 2965 1613 3018 1¹s2-2plo
1639 2964 1909 3016 longiorlbus,
