2094 3351
217 219 262 254 26

217 301 288 334 Pag.

218 356 306 401 131,

936 231 1189 256 mammem-2.
1697 223 1894 270 Cor-ydolis.

345 355 398 394 C.
423 354 760 402 conorrhiza,
783 353 891 395 adde
910 367 917 394 :

381 441 473 475 Hab.
494 442 529 475 in
550 442 697 484 regione
714 441 839 485 alpina
858 442 1045 484 superiore
1061 441 1167 476 Ponti
1184 441 1306 476 Lazici
1321 452 1434 486 supra
1448 443 1574 487 Djimil
1594 441 1735 487 (Bam),
1753 443 1802 478 ad
1821 443 1896 488 gla-

333 489 405 523 cies
422 489 553 522 montis
570 488 740 523 Kasbeck
759 488 911 523 Caucasi
932 488 1072 531 (Rehm.
1091 488 1157 523 sub
1180 488 1216 524 G.
1237 489 1432 534 alpestril).

379 553 468 587 Haec
487 553 626 596 species
646 552 739 587 facie
765 551 800 587 0.
816 553 1026 597 pauciflorae
1040 552 1160 587 affinis
1181 553 1226 587 ab
1246 555 1290 588 ea
1311 553 1407 588 foliis
1425 553 1470 588 ob
1489 561 1712 598 segmentum
1727 555 1895 589 interme-

332 600 427 634 dium
448 600 590 643 longius
614 599 869 643 petiolulatum
889 601 1011 643 potius
1034 600 1210 643 pinnatim
1231 611 1339 644 quam
1360 601 1548 644 palmatim
1568 602 1675 636 sectis
1699 606 1735 636 et
1761 602 1896 646 sepalis

331 647 531 690 majoribus
560 646 776 690 profundius
806 646 965 681 dentatis
995 646 1246 691 distinguitur,
1280 648 1394 682 caulis
1424 648 1570 691 insuper
1590 647 1814 693 1-2-phyllus
1830 659 1895 683 nec

330 694 568 737 scapiformis.
588 694 707 737 Hujus
727 704 835 728 merae
864 694 1060 728 varietates
1086 700 1169 728 sunt
1194 694 1230 729 Ο.
1254 695 1496 738 macrosepala
1525 695 1639 738 Rupr.
1663 695 1687 729 1.
1717 695 1777 730 cit.
1794 706 1830 739 p.
1851 697 1892 730 61

333 740 413 777 (sub
449 741 610 784 Capnite)
645 752 664 774 e
694 741 902 776 Chewsuria
934 747 969 775 et
995 742 1129 775 Suania
1153 747 1189 775 et
1220 739 1256 776 0.
1288 742 1493 776 ochroleuca
1520 741 1634 785 Rupr.
1664 742 1788 777 eodem
1815 742 1894 777 loco

330 788 446 821 forma
467 788 686 822 ochroleuca
706 798 724 821 e
744 788 950 822 Tuschctiae
968 788 1122 831 alpibus.
1142 788 1195 822 Cl.
1213 795 1341 822 auctor
1361 789 1506 822 tertiam
1525 788 1677 823 formam
1694 789 1832 823 indicat
1858 788 1893 824 G.

331 836 560 869 Araraticam
582 834 627 868 ad
655 834 796 869 radices
822 835 902 868 coni
928 835 1077 878 majoris
1103 836 1235 869 montis
1262 838 1399 869 Arai-at
1419 841 1640 870 crescentem
1668 836 1782 879 petali
1806 836 1893 870 infe-

329 883 434 916 rioris
454 882 604 925 gibbere
624 881 816 916 manifesto
837 881 1048 926 notabilem,
1069 881 1132 916 sed
1159 892 1240 926 quae
1264 893 1406 926 quoque
1429 882 1466 918 Ο.
1486 883 1699 917 σσηοντὴίεω
1724 883 1894 918 adnume-

331 929 447 963 randa
465 929 619 963 videtur.

217 1060 306 1104 131,
338 1062 433 1108 post
456 1058 509 1097 C.
534 1059 846 1107 rupestrem
866 1056 1029 1096 insere:

366 1145 419 1183 C.
442 1143 712 1194 pulchella
734 1142 891 1195 (Aitch.
915 1146 958 1183 et
978 1143 1138 1184 Hemsl.
1162 1143 1310 1184 Journ.
1333 1143 1456 1184 Linn.
1480 1142 1573 1184 Soc.
1596 1143 1710 1192 XIX,
1732 1155 1774 1196 p.
1801 1147 1888 1191 151,

317 1196 405 1236 tab.
439 1197 482 1243 4)
517 1196 770 1247 glaberrima
804 1196 968 1246 glauca.
1008 1196 1112 1237 collo
1144 1203 1380 1248 squamam,
1417 1196 1603 1237 caulibus
1635 1196 1891 1249 simplicibus

315 1249 465 1289 erectis
487 1247 655 1296 foliosis,
685 1248 792 1289 foliis
813 1249 852 1289 in
876 1248 1047 1289 lacinias
1067 1249 1215 1290 breves
1243 1254 1422 1301 anguste
1441 1249 1620 1290 lineares
1645 1249 1709 1290 bis
1735 1249 1797 1290 vel
1826 1254 1892 1290 ter

312 1302 603 1353 pinnatisectis
624 1301 877 1342 radicalibus
897 1300 1020 1352 longe
1036 1302 1248 1353 petiolatis
1263 1302 1412 1354 amplis
1427 1302 1589 1343 ambitu
1605 1302 1891 1343 ovato-oblon-

314 1355 392 1403 gis,
410 1365 575 1394 racemo
597 1354 823 1394 laxiusculo
844 1353 942 1394 folia
962 1354 1162 1395 radicalia
1182 1366 1263 1395 non
1283 1359 1524 1406 superante,
1541 1355 1724 1396 bracteis
1739 1355 1888 1407 amplis

312 1407 411 1447 flore
439 1408 505 1447 vix
543 1407 671 1447 tertia
705 1411 827 1458 parte
857 1406 1118 1447 brevioribus
1148 1407 1499 1459 bipinnatisectis,
1534 1407 1686 1460 sepalis
1717 1408 1888 1448 minutis

312 1459 641 1511 tiiangularibus
660 1459 858 1507 dentatis,
876 1459 1026 1511 petalis
1047 1460 1171 1500 luteis
1192 1460 1463 1501 acutiusculis
1483 1460 1708 1512 superioris
1728 1460 1889 1501 calcare

312 1513 378 1553 vix
399 1518 570 1553 curvato
593 1513 718 1552 limbo
739 1512 1021 1563 sublongiore,
1048 1512 1263 1571 pedicellis
1284 1512 1509 1553 fructiferis
1533 1513 1717 1554 recurvis
1740 1513 1887 1564 siliqua

313 1566 493 1612 oblonga
523 1565 778 1613 longioribus
813 1569 870 1612 ⁵21.
902 1564 946 1607 O.
974 1563 1166 1618 mezfolia
1190 1565 1330 1607 Aitch.
1359 1565 1454 1607 Cat.
1482 1566 1526 1606 in
1551 1565 1698 1607 Journ.
1721 1565 1770 1606 L.
1793 1564 1886 1606 Soc.

312 1618 453 1659 XVIII
474 1631 555 1659 non
572 1618 696 1659 Wall.

370 1690 464 1724 Hab.
483 1691 517 1723 in
537 1690 711 1733 lapidosis
729 1689 774 1723 ad
792 1690 1009 1724 torrentium
1021 1690 1139 1724 latera
1148 1690 1228 1734 jugi
1243 1690 1352 1725 Safed
1366 1690 1451 1724 Kuh
1465 1690 1572 1725 vallis
1585 1690 1724 1724 Kuram
1739 1689 1887 1734 Affgha-

324 1738 391 1771 niae
409 1739 574 1771 9-11000‘
594 1737 728 1780 (Aitch.
749 1738 843 1773 789).
863 1737 959 1780 (Non
976 1737 1078 1781 vidi.)

371 1804 402 1836 A
431 1802 467 1836 C.
490 1802 645 1845 rnpestri
667 1801 825 1835 bracteis
843 1801 1029 1836 multifidis
1053 1802 1174 1836 statim
1201 1801 1467 1846 distinguenda.
1490 1802 1606 1836 Multo
1629 1802 1744 1846 magis
1767 1800 1887 1835 affinis

331 1849 367 1884 C.
398 1849 662 1883 Gortchakowii
690 1848 852 1883 Schrenk
882 1850 1034 1883 racemis
1064 1848 1278 1892 densifioris,
1299 1849 1457 1883 bracteis
1476 1849 1713 1892 brevioribus,
1735 1858 1887 1892 quarum

322 1907 491 1940 suprema
511 1897 658 1929 linearis
677 1896 842 1937 indivisa,
869 1897 1000 1939 petalis
1029 1896 1167 1930 obtusis
1193 1896 1385 1930 distinctae.
1411 1895 1447 1932 C.
1469 1896 1628 1939 meifolia
1643 1895 1757 1930 Wall.
1783 1895 1885 1929 folio-

323 1955 400 1977 rum
419 1943 558 1977 laciniis
580 1942 817 1986 capillaribus
835 1942 1018 1987 confertis,
1033 1954 1177 1978 racemo
1195 1943 1417 1987 densissimo,
1432 1944 1556 1987 petalo
1575 1943 1762 1987 superiore
1780 1942 1885 1977 dorso

327 1991 426 2025 alato
447 1991 589 2034 longius
610 1990 732 2024 distat.

364 2120 417 2159 C.
440 2129 659 2159 ramosa
681 2117 824 2164 (Wall.
842 2116 936 2159 Cat.
959 2119 1078 2168 1434)
1096 2118 1402 2170 monocarpica,
1422 2117 1541 2159 caule
1556 2117 1681 2158 debili
1695 2127 1885 2169 procum-

307 2171 434 2212 bente
458 2171 522 2212 vel
549 2171 802 2212 ascendente
827 2182 992 2211 ramoso
1019 2170 1177 2219 folioso,
1206 2170 1313 2212 foliis
1338 2171 1462 2223 longe
1487 2170 1698 2223 petiolatis
1723 2169 1884 2210 ambitu

307 2224 637 2277 triangularibus
667 2225 709 2265 in
741 2229 962 2276 segmenta
984 2227 1110 2264 ovata
1136 2224 1202 2265 vel
1230 2224 1411 2275 oblonga
1440 2223 1530 2264 basi
1561 2222 1792 2264 rotundata
1818 2222 1883 2263 vel

307 2282 488 2318 cuneata
504 2278 544 2318 in
567 2277 740 2318 lacinias
760 2277 933 2318 obtusas
952 2276 1159 2329 profunde
1179 2277 1309 2318 incisa
1326 2277 1677 2329 bipinnatisectis‚
1699 2275 1882 2328 superio-

306 2343 397 2371 rum
420 2331 579 2371 laciniis
596 2330 839 2378 linearibus,
862 2341 1028 2371 racemo
1049 2329 1259 2370 terminali
1273 2330 1382 2377 laxo,
1399 2329 1581 2370 bracteis
1595 2328 1768 2369 minutis
1781 2326 1884 2368 infe-

306 2383 484 2423 rioribus
509 2383 800 2435 pinnatisectis
833 2383 1006 2423 summis
1032 2382 1259 2423 linearibus
1293 2382 1495 2430 indivisis,
1526 2381 1698 2422 floribus
1728 2380 1882 2432 pallide

306 2437 443 2483 luteis,
466 2436 606 2488 petalo
628 2436 838 2476 calcarato
860 2435 982 2476 dorso
1003 2435 1116 2476 alato
1136 2435 1263 2476 limbo
1280 2435 1441 2476 calcare
1460 2435 1712 2476 subincurvo
1732 2433 1882 2474 obtuso

304 2489 589 2535 subbreviore,
613 2488 827 2540 pedicellis
847 2487 1075 2529 fructiferis
1096 2488 1280 2529 recurvis
1305 2488 1477 2540 capsula
1502 2486 1880 2538 obovato-oblo‘nga

306 2542 457 2582 obtusa
476 2542 737 2582 brevioribus
758 2544 821 2590 Θ.

322 2612 459 2698 (Αῌαὲ).
478 2611 707 2701 ἓηςὲὲἴρέἓὲῗζε
731 2613 833 2646 siccis
851 2612 1067 2646 torrentium
1086 2611 1272 2646 districtos
1287 2611 1423 2646 Kuram
1444 2610 1649 2655 Affghaniae
1667 2609 1879 2644 7500-8000'

372 2665 420 2693 ite
452 2686 459 2693 .
504 2684 510 2688 .
560 2687 566 2692 .
611 2683 631 2692 .,
666 2686 671 2692 .
693 2686 700 2692 .

362 2722 490 2756 Flores
508 2722 558 2756 eis
579 2721 819 2765 praecedentis
837 2727 873 2756 et
899 2721 936 2757 C.
955 2721 1167 2756 ochrolezccae
1186 2722 1353 2755 minores.

362 2785 430 2819 Ar.
449 2784 592 2828 Geogr.
615 2786 745 2820 Totum
759 2785 888 2829 jugum
909 2785 1162 2820 Himalaicum.

227 2915 315 2961 135,
347 2912 604 2952 Fumaria
624 2912 931 2960 officinalis,
952 2910 1062 2952 adde
1082 2915 1125 2952 et
1143 2916 1292 2963 postea
1311 2911 1447 2952 insere
1469 2923 1478 2950 z

355 3011 392 3047 γ.
429 2993 738 3046 tropz'docarpcc.
770 3017 823 3022 —
856 2992 1008 3045 Sepala
1039 2993 1202 3045 longius
1233 2993 1710 3034 lanceolam-attenuata
1736 2990 1877 3043 pauci-
