2094 3351
234 211 300 246 132
959 224 1175 249 MALVACEAE.
1775 217 1880 252 Alcea
1890 246 1899 254 .

231 290 296 323 Pug.

232 344 323 391 828,
355 343 413 383 A.
434 344 730 392 rufescenS,
753 343 861 384 adde
883 355 891 383 :

396 431 489 465 Hab.
515 432 551 465 in
582 432 775 475 Caelesyria
804 432 900 465 circa
927 431 1089 466 Balbeck
1117 431 1205 475 (ΒΗ
1235 432 1470 476 Schweinffl),
1491 434 1593 478 Syria
1622 434 1761 469 boreali
1790 445 1905 478 prope

348 478 601 512 Tcharmelick
623 484 657 512 et
674 478 842 512 Marasch
863 478 1075 521 (Haussk.!).

394 542 524 576 Variat
543 547 583 575 nt
601 551 820 585 congeneres
837 540 988 576 floribus
1004 542 1117 576 roseis
1135 542 1304 577 violaceis
1326 548 1361 577 et
1381 543 1485 578 albis.

229 677 321 722 829,
354 675 413 714 A.
436 675 854 723 lavateraessora‚
877 677 914 729 β.
932 673 1213 726 ymbre-scens,
1235 675 1343 715 adde
1366 688 1374 715 :

393 762 486 796 Hab.
518 762 565 796 ad
591 762 708 796 lacum
742 762 945 796 Tiberiadis
976 763 1144 805 (Domina
1174 763 1253 797 Oct.
1282 763 1474 808 Lagrange
1504 766 1592 808 Apr.
1621 766 1710 800 1866
1723 764 1756 809 !).
1788 785 1827 789 -
1857 767 1902 799 A.

351 810 506 844 Octaviae
521 809 627 843 Reut.
649 810 684 843 in
699 809 812 844 Boiss.
830 809 933 843 herb.

228 946 320 990 829,
352 943 410 983 A.
434 946 632 991 setosa,
656 942 763 983 adde
784 941 918 983 locum
943 955 951 982 :

392 1032 495 1076 Syria
516 1031 561 1066 ad
582 1031 747 1067 Sidonem
771 1030 973 1076 (Barbeyl).

228 1169 319 1213 831,
351 1170 446 1218 post
464 1167 523 1206 A.
547 1169 964 1216 apterocarpam
985 1165 1122 1205 insere
1145 1177 1152 1205 :

386 1255 444 1294 A.
478 1254 705 1294 Pontica
730 1252 888 1304 (Janka
906 1252 1030 1293 Brev.
1059 1252 1114 1301 II,
1137 1252 1191 1293 Νο
1213 1256 1279 1299 26)
1300 1253 1418 1294 caule
1440 1266 1464 1294 a
1482 1253 1571 1294 basi
1594 1266 1730 1295 ramos
1750 1266 1904 1307 paucos

333 1307 369 1347 ei
390 1306 645 1358 aequilongos
667 1306 831 1354 edente,
855 1304 961 1346 foliis
982 1306 1105 1357 longe
1124 1306 1335 1358 petiolatis
1357 1306 1503 1358 amplis
1523 1306 1693 1358 peltatis
1714 1307 1778 1348 vel
1797 1307 1904 1348 orbi-

333 1359 483 1400 culatis
503 1359 753 1411 pentagonis
780 1359 962 1399 crenatis
987 1370 1114 1410 supra
1138 1370 1264 1411 parce
1284 1358 1432 1400 subtus
1459 1358 1626 1400 densius
1654 1364 1906 1401 tomentoso-

333 1412 673 1464 pubescentibus,
704 1411 956 1452 ramealibus
990 1411 1197 1452 trilobatis
1223 1411 1316 1452 lobo
1345 1412 1481 1452 medio
1502 1412 1664 1464 longius
1691 1416 1906 1464 protracto

332 1465 576 1506 lateralibus
595 1464 805 1505 interdum
833 1464 996 1512 bilobis‚
1020 1464 1255 1516 pedunculo
1283 1465 1494 1506 involucro
1522 1465 1726 1514 breviore,
1749 1466 1903 1507 involu-

332 1518 390 1558 cri
422 1518 550 1570 calyci
580 1517 802 1569 aequilongi
837 1517 1071 1570 calycisque
1099 1517 1205 1558 lobis
1237 1517 1431 1558 elevatim
1463 1518 1628 1558 lineatis
1660 1519 1906 1559 tomentosis

334 1570 822 1622 ovato-triangularibus,
844 1570 995 1622 petalis
1015 1570 1167 1611 retusis
1182 1570 1390 1619 violaceis,
1408 1570 1598 1623 carpellis
1613 1571 1785 1612 hirsutis
1801 1571 1906 1613 facie

333 1624 589 1665 reticulatim
610 1623 796 1664 nervosis
818 1623 940 1664 dorso
959 1623 1093 1675 planis
1110 1623 1370 1675 marginibus
1392 1624 1525 1664 acutis
1548 1627 1611 1672 (2).

393 1695 486 1729 Hab.
507 1696 542 1729 in
560 1695 715 1729 humidis
733 1695 910 1729 umbrosis
928 1695 1022 1729 inter
1040 1705 1129 1729 saxa
1143 1695 1189 1729 ad
1207 1705 1339 1740 pagum
1354 1695 1489 1730 Rumili
1504 1695 1650 1730 Phanar
1673 1695 1718 1730 ad
1741 1695 1905 1730 dextram

346 1743 525 1786 Bosphori
547 1743 709 1785 wanka).
732 1742 827 1785 (Non
847 1742 944 1784 vidi).

393 1808 514 1843 Caulis
530 1807 734 1851 tripedalis,
754 1807 843 1841 folia
862 1808 967 1842 etiam
996 1818 1165 1851 suprema
1189 1807 1296 1842 fiores
1321 1807 1484 1842 evolutos
1512 1809 1735 1852 superantia,
1763 1808 1907 1843 caulina

346 1855 522 1890 diametro
541 1855 755 1899 spithamea,
773 1855 898 1899 petala
916 1855 1088 1890 stellatim
1107 1865 1267 1899 expansa
1291 1857 1306 1889 1
1328 1853 1361 1896 ¹l2
1383 1854 1534 1898 pollices
1555 1855 1675 1899 longa.

227 1994 318 2038 831,
350 1991 408 2029 A.
431 2000 590 2030 rosea
614 2001 622 2028 :

390 2079 494 2113 Hanc
511 2078 664 2122 speciem
686 2078 729 2112 cl.
750 2078 831 2112 J.D.
852 2078 1000 2112 Hooker
1025 2078 1061 2111 in
1089 2077 1159 2111 litt.
1186 2077 1282 2111 inter
1307 2077 1545 2121 Pterocarpas
1570 2077 1728 2112 militare
1762 2083 1905 2112 conten—

346 2126 408 2169 dit,
437 2126 600 2170 carpella
627 2131 747 2159 tamen
776 2124 967 2159 manifeste
996 2125 1093 2159 alata
1120 2124 1223 2159 video
1250 2130 1285 2159 et
1313 2125 1350 2158 in
1378 2124 1634 2168 speciminibus
1662 2124 1768 2159 cultis
1799 2129 1834 2159 et
1868 2125 1904 2158 in

345 2174 481 2208 Graecis
518 2184 536 2207 e
571 2173 757 2217 Zacyntho
792 2177 827 2207 et
865 2173 984 2208 Creta.
1022 2172 1138 2216 Igitur
1178 2172 1235 2206 vel
1276 2177 1362 2206 nota
1403 2182 1421 2207 e
1461 2172 1623 2216 margine
1661 2171 1903 2215 carpellorum

347 2221 563 2264 deprompta
585 2220 770 2254 variabilis
791 2225 845 2254 est
866 2219 923 2254 vel
942 2220 984 2254 cl.
1012 2224 1139 2253 auctor
1156 2220 1264 2254 aliam
1289 2219 1456 2263 speciem,
1486 2218 1610 2254 forsan
1634 2219 1680 2253 A.
1705 2223 1906 2262 apterocar-

336 2278 421 2313 pam
442 2278 507 2312 pro
524 2269 570 2302 A.
592 2267 689 2302 rosea
707 2267 845 2301 habuit.

225 2413 316 2457 834,
350 2410 408 2449 A.
433 2409 690 2457 Kurdica‚
715 2407 823 2449 adde
846 2421 853 2448 z

391 2498 483 2533 Hab.
499 2499 534 2532 in
553 2498 817 2541 Mesopotamia
833 2497 879 2532 ad
899 2496 1062 2532 Derbent
1079 2497 1090 2530 i
1110 2497 1255 2539 Basian,
1275 2496 1400 2530 Persia
1421 2495 1638 2530 occidentali
1665 2496 1700 2530 in
1721 2495 1904 2529 montibus

344 2546 601 2636 ksgilgiilagsssqgm‘,
633 2546 668 2579 in
701 2545 897 2579 ditionibus
926 2544 1130 2578 Bachtiaris
1166 2549 1202 2578 et
1236 2543 1320 2577 Kuh
1358 2543 1538 2588 Kilouyeh
1576 2553 1689 2586 usque
1721 2542 1767 2577 ad
1802 2543 1903 2576 9000'

222 2728 315 2773 834,
347 2730 442 2777 post
461 2726 516 2764 A.
540 2724 838 2765 Kurdicam
856 2723 993 2764 insere
1016 2736 1024 2763 :

382 2813 440 2852 A.
464 2811 779 2851 Arbelensis
799 2809 950 2859 (Boiss.
969 2814 1011 2851 et
1033 2809 1238 2860 Haussk.)
1262 2809 1463 2850 stellatim
1489 2812 1726 2850 tomentosa
1749 2807 1900 2860 grisea,

331 2864 449 2905 caule
470 2875 609 2904 crasso
630 2864 740 2905 elato
765 2863 941 2915 simplici
961 2861 1123 2904 inferne
1146 2862 1290 2903 solioso
1311 2874 1491 2914 superne
1516 2862 1558 2903 in
1585 2873 1798 2902 racemum
1818 2860 1903 2901 lon-

333 2929 430 2969 gum
453 2917 715 2958 densiuscule
730 2915 1000 2957 multiflorum
1017 2916 1215 2964 abeunte,
1233 2914 1339 2955 foliis
1359 2915 1401 2956 in
1421 2915 1593 2955 lacinias
1608 2914 1695 2955 late
1708 2913 1904 2965 oblongo-

331 2971 510 3011 linearcs
549 2969 829 3010 denticulatas
868 2969 1040 3010 obtusas
1077 2968 1189 3009 ultra
1231 2967 1415 3009 medium
1459 2967 1647 3020 partitis,
1690 2966 1903 3007 floralibus
