2115 3250
233 206 470 242 Ranunculus.
911 216 1224 242 RANUNCULACEAE.
1882 209 1900 242 7

247 287 316 320 Pag.

256 342 320 388 33,

252 1305 316 1348 32,

251 1525 315 1571 32,

250 1910 314 1956 32,

249 2825 312 2871 32,

350 342 446 391 post
467 338 525 377 R.
549 337 978 388 chaerophyllum
1004 338 1140 379 insere
1162 351 1171 378 :

388 426 446 465 R.
497 424 821 472 Rhodensis,
867 424 1064 476 adpresse
1108 425 1310 474 hirsutus,
1350 426 1507 477 grumis
1545 426 1717 465 minutis
1762 430 1901 466 ovato-

333 477 522 528 oblongis
548 477 587 517 in
615 476 743 517 fibras
770 476 949 529 abrupte
981 478 1227 526 attenuatis,
1258 478 1361 518 collo
1392 489 1518 530 parce
1549 476 1760 526 fibrilloso‚
1795 477 1901 518 foliis

332 529 584 570 radicalibus
611 529 867 581 longiuscule
891 529 1102 581 petiolatis
1131 542 1156 570 a
1180 530 1271 571 basi
1297 530 1528 571 rotundata
1553 530 1617 570 vel
1643 530 1902 570 subcuneata

333 582 654 623 suborbiculatis
675 582 856 622 trisectis
875 583 1103 633 segmentis
1130 583 1318 624 cuneatis
1346 584 1386 623 in
1414 583 1530 623 lobos
1556 582 1755 634 oblongos
1782 582 1902 623 obtu-

332 635 532 676 siusculos
551 634 690 675 incisis
710 633 958 675 intermedio
973 635 1234 686 petiolulato‚
1258 635 1375 676 caule
1400 635 1546 676 humili
1570 634 1771 683 1-3-floro,
1794 633 1902 675 foliis

332 687 505 728 caulinis
526 690 590 728 1-2
610 686 823 727 sessilibus
843 687 884 727 in
906 686 1076 727 lacinias
1097 690 1119 727 2
1145 688 1523 740 oblongo-lineares
1542 688 1727 739 partitis,
1749 687 1901 739 sepalis

330 740 587 792 patentibus,
618 739 770 791 petalis
804 742 870 780 6-9
903 739 1105 788 obovatis‚
1139 740 1255 792 spica
1288 739 1506 781 fructifera
1536 742 1675 788 ovata,
1710 739 1901 791 carpellis

331 792 659 844 triangularibus
678 792 813 832 latere
833 792 1037 832 exteriore
1052 792 1186 844 gibbis
1204 793 1289 834 late
1309 793 1638 834 membranaceis
1658 793 1700 833 in
1720 796 1901 833 rostrum

330 846 464 885 latum
488 845 614 886 breve
634 855 852 885 recurvum
875 844 1127 886 abeuntibus
1150 845 1262 886 disco
1283 845 1559 886 tuberculatis
1586 849 1645 892 91.

388 915 481 951 Hah.
501 917 537 950 in
553 915 714 951 herbidis
730 926 845 959 prope
866 915 991 950 urbem
1010 915 1179 950 Rhodum
1202 916 1348 960 (Bourg.
1361 916 1394 960 ἔ).

389 979 638 1024 Semipedalis,
664 979 834 1014 foliorum
860 980 1004 1014 laminae
1029 981 1088 1014 vix
1114 980 1284 1024 pollicem
1312 980 1432 1024 longae
1456 985 1491 1015 et
1511 980 1610 1024 latae,
1634 979 1701 1014 flos
1725 980 1903 1014 diametro

343 1029 423 1061 7-11
452 1027 566 1062 lineas
588 1027 697 1061 latus.
722 1027 832 1061 Facie
857 1031 893 1061 et
918 1026 1014 1062 foliis
1040 1026 1161 1061 affinis
1180 1027 1225 1062 R.
1249 1027 1492 1072 chaerophyllo,
1518 1038 1540 1062 a
1563 1038 1633 1071 quo
1661 1026 1782 1061 differt
1807 1026 1902 1061 collo

342 1075 402 1109 vix
430 1073 564 1108 fibroso
598 1073 652 1117 (ut
679 1074 758 1117 ejus
790 1073 1030 1117 stolonifero),
1058 1074 1192 1118 petalis
1219 1075 1431 1118 numerosis,
1460 1079 1497 1109 et
1528 1074 1702 1118 imprimis
1731 1073 1903 1117 carpellis

343 1121 455 1165 duplo
478 1121 677 1164 majoribus
704 1121 859 1164 obliquis
886 1126 922 1155 et
947 1121 1065 1165 gibbis
1087 1120 1165 1165 (1¹l4
1191 1121 1254 1155 lin.
1275 1121 1361 1156 latis
1385 1132 1465 1156 cum
1491 1126 1609 1156 rostro
1639 1123 1660 1155 2
1683 1121 1744 1155 lin.
1770 1120 1901 1164 longis)

341 1168 592 1203 tuberculatis.
613 1168 669 1202 Ex
684 1168 810 1212 paucis
827 1168 1080 1212 speciminibus
1099 1168 1303 1212 descriptus
1324 1173 1359 1203 et
1378 1168 1531 1203 ulterius
1549 1167 1809 1203 observandus.

351 1302 409 1342 R.
434 1301 696 1350 Creticus,
720 1300 829 1342 adde
851 1313 860 1341 :

387 1389 481 1425 Hab.
492 1389 529 1424 in
540 1388 705 1425 faucibus
716 1390 847 1424 montis
858 1389 989 1424 Lastos
1000 1389 1129 1425 insulae
1141 1389 1353 1434 Karpathos
1367 1390 1475 1434 (nunc
1486 1389 1701 1434 Scarpanto)
1715 1388 1900 1433 (Pichler).

349 1523 406 1563 R.
432 1522 736 1571 Cadmicus,
759 1521 869 1563 adde
891 1534 900 1562 :

378 1627 416 1664 γ.
441 1609 719 1662 parvifiorus.
741 1633 793 1639 —
811 1609 954 1651 Flores
974 1610 1103 1651 tertia
1120 1613 1244 1662 parte
1264 1610 1458 1651 minores.
1481 1609 1629 1651 Petala
1654 1610 1902 1661 angustiora

330 1663 729 1715 obovato-elliptica.

344 1731 572 1823 (pflssi'lgi)
601 1732 718 1767 latere
761 1733 1039 1776 septentrionali
1082 1734 1214 1768 montis
1258 1733 1466 1768 Kalolamni
1508 1733 1637 1768 insulae
1689 1733 1899 1777 Karpathos

387 1790 420 1814 ic
465 1806 472 1813 .
551 1806 586 1813 ..

344 1910 440 1959 post
461 1907 520 1946 R.
544 1907 860 1948 Cadmicum
880 1907 1018 1949 insere
1037 1920 1045 1948 ε

382 1994 438 2033 R.
470 1993 915 2044 incomparabilis
945 1993 1102 2045 (Janka
1127 1994 1251 2035 Brev.
1283 1994 1317 2044 Ι,
1344 2007 1386 2046 p.
1419 1995 1474 2045 l),
1503 1994 1619 2035 fibris
1645 1994 1901 2035 radicalibus

325 2046 511 2087 breviter
526 2046 976 2099 oblongo-cylindricis‚
990 2046 1097 2087 foliis
1112 2047 1268 2099 glabris
1284 2047 1538 2088 radicalibus
1554 2048 1676 2099 longe
1688 2047 1903 2099 petiolatis

324 2099 481 2139 lamina
505 2100 636 2150 parva
660 2099 884 2139 orbiculari
907 2100 1123 2152 tripartita
1151 2100 1324 2141 sinubus
1351 2100 1590 2141 rotundatis
1610 2100 1838 2152 segmentis
1858 2100 1900 2140 in

327 2151 443 2192 lobos
473 2155 617 2192 ovatos
652 2151 940 2192 obtusissimos
975 2151 1098 2201 fissis,
1133 2153 1252 2194 caule
1291 2153 1447 2205 pumilo
1482 2152 1669 2194 1-2-floro
1702 2152 1902 2205 adpresse

326 2203 451 2252 hirto,
474 2203 570 2244 folio
599 2204 762 2245 caulino
782 2204 957 2246 indiviso
976 2205 1043 2246 vel
1061 2205 1202 2246 trifido
1227 2205 1292 2246 vel
1320 2206 1449 2253 nullo,
1477 2206 1630 2258 sepalis
1655 2205 1901 2258 patentibus

326 2257 504 2309 sparsim
528 2256 685 2309 pilosis,
719 2257 869 2309 petalis
897 2257 1284 2299 obovato-cuneatis
1309 2259 1463 2300 retusis
1491 2259 1633 2311 calyce
1662 2257 1787 2310 duplo
1814 2258 1901 2298 lon-

326 2309 525 2362 gioribus,
556 2310 671 2362 spica
696 2308 914 2351 fructifera
939 2310 1125 2362 globosa,
1160 2311 1352 2363 carpellis
1382 2311 1626 2352 orbiculatis
1654 2311 1826 2352 laevibus
1858 2311 1901 2350 in

328 2365 508 2403 rostrum
527 2362 806 2414 aequilongum
825 2361 1275 2404 ensiformi-hamatum
1295 2363 1547 2405 abeuntibus
1571 2367 1629 2411 Ql.
1645 2363 1703 2405 R.
1722 2362 1902 2405 tenellus

326 2414 352 2456 J
355 2414 466 2455 anka
485 2427 570 2456 exs.
593 2426 676 2456 non
695 2415 887 2456 aliorum.

341 2486 543 2577 (JHZb.')in
567 2487 706 2522 saxosis
725 2486 882 2521 humidis
909 2486 1051 2532 frigidis
1077 2488 1209 2523 montis
1234 2488 1378 2522 Baikan
1407 2487 1592 2532 Bulgariae
1609 2498 1721 2531 supra
1747 2486 1901 2522 Kalofer

379 2543 426 2568 an
456 2543 493 2568 a.
515 2560 522 2568 .

385 2597 516 2632 Caules
534 2597 790 2641 tripollicares,
808 2596 978 2632 foliorum
995 2597 1130 2632 lamina
1145 2597 1252 2632 diam.
1267 2608 1331 2633 sex
1348 2598 1463 2633 lineas
1483 2597 1571 2632 lata.
1592 2597 1722 2632 Affinis
1742 2597 1788 2632 R.
1809 2596 1899 2632 Cad-

336 2644 573 2726 Ἅιιιὲῖἒέᾒαὶἰε
586 2644 736 2688 glabris,
751 2644 885 2688 petalis
901 2644 972 2688 maj
979 2645 1101 2680 oribus
1117 2645 1371 2689 integerrimis,
1386 2645 1558 2689 carpellis
1571 2645 1718 2680 brevius
1732 2645 1900 2679 rostratis

345 2823 404 2865 R.
439 2823 848 2875 Sprunerianus
870 2836 880 2864 :

385 2912 438 2947 Cl.
456 2912 578 2947 Janka
596 2912 676 2947 loco
691 2913 803 2947 citato
824 2912 868 2948 de
885 2923 1080 2958 synonymo
1099 2913 1145 2949 R.
1163 2914 1429 2959 oaeyrrhynchus
1446 2913 1586 2948 Griseb.
1606 2914 1688 2948 huic
1705 2924 1727 2948 a
1742 2923 1798 2948 me
1812 2913 1899 2947 olim

343 2969 387 2993 ex
407 2960 602 3003 specimine
614 2959 775 2994 herbarii
790 2960 1065 2995 Grisebaehiani
1083 2960 1242 2996 adducto
1259 2960 1303 2995 ob
1323 2961 1482 3006 calycem
1503 2961 1548 2995 ab
1564 2966 1713 2995 auctore
1728 2959 1899 2995 reflexum
