2094 3351
237 199 304 234 136
983 215 1174 239 Timacus..
1756 208 1907 244 Grewia.

233 281 272 308 Pa
296 302 302 307 .

234 289 327 382 8434,
359 339 455 386 post
477 337 531 376 G.
555 337 857 377 Asiaticam
877 338 1015 379 insere
1036 350 1044 378 :

396 424 450 463 G.
481 423 676 463 villosa
703 423 864 475 (Willd.
887 423 992 465 Nov.
1014 424 1108 465 Act.
1132 424 1230 466 Nat.
1255 425 1417 467 Curios.
1450 430 1564 476 1803,
1595 440 1637 480 p.
1669 429 1763 479 705)
1793 427 1910 470 fruti-

340 486 436 516 cosa
470 475 524 515 ad
554 481 697 528 partes
723 476 953 518 herbaceas
986 477 1400 527 villoso—tomentosa,
1433 478 1539 521 foliis
1570 481 1734 533 magnis
1766 493 1791 522 a
1821 481 1910 523 basi

339 527 505 580 oblique
543 528 718 569 cordata
754 529 1077 571 suborbiculatis
1110 531 1272 582 rugosis
1301 531 1450 573 subtus
1483 533 1678 574 elevatim
1710 534 1908 583 nervosis,

339 580 511 621 floribus
532 580 789 622 fasciculatis
809 582 1053 624 brevissime
1078 582 1372 635 pedunculatis
1398 585 1638 626 axillaribus
1661 586 1726 627 vel
1752 587 1912 639 opposi—

341 632 497 681 tifoliis,
521 634 672 685 sepalis
694 634 883 686 oblongis
905 636 1039 676 acutis
1059 635 1228 684 villosis,
1250 636 1401 688 petalis
1427 637 1594 679 sordide
1620 638 1738 680 flavis
1772 639 1912 698 calyce

337 685 613 735 brevioribus,
633 687 767 739 drupa
787 689 942 728 maona
961 687 1134 740 globosa
1159 689 1292 740 pilosa
1318 689 1480 731 nuculis
1503 694 1527 731 4
1565 705 1616 742 5.
1639 690 1692 732 G.
1714 691 1910 745 corylzfo·

340 738 399 779 lia
420 738 546 780 Guill.
568 744 611 779 et
632 739 748 780 Perr.
772 739 834 780 Fl.
890 752 1011 793 eneg.
1033 741 1067 790 I,
1090 744 1156 790 95,
1180 741 1268 782 tab.
1289 745 1354 783 20.

399 809 492 843 Hab.
511 810 546 844 in
567 810 664 845 valle
684 810 821 845 Kuram
842 810 1050 855 Affghaniae
1071 822 1186 856 prope
1207 812 1300 847 Thal
1322 813 1455 856 (Aitch.
1474 814 1568 858 520).

396 873 464 908 Ar.
491 873 634 917 Geogr.
659 875 772 919 India,
795 875 922 911 Africa
941 877 1093 921 tropica,
1115 877 1244 912 insulae
1265 878 1401 922 Capitis
1421 879 1568 914 Viridis.

231 991 324 1036 846,
356 989 490 1048 Tilia
512 990 889 1042 microphylla,
907 991 1298 1051 in-synonymiatpro
1318 991 1365 1034 T.
1382 992 1620 1087 parviffora
1634 994 1728 1046 lege
1748 993 1796 1035 T.
1812 1006 1912 1047 par-

341 1040 505 1094 rzfolza.
529 1043 624 1084 Huc
643 1047 810 1095 spectat
833 1043 881 1084 Τ.
904 1057 945 1085 se
979 1045 1246 1086 tentrwnalvs
1266 1046 1331 1086 Ru
1363 1059 1397 1086 r.
1420 1045 1482 1086 Fl.
1526 1058 1620 1099 ngr.
1643 1060 1684 1099 p.
1710 1050 1800 1096 219,
1824 1047 1913 1088 nul-

339 1095 421 1135 lam
443 1096 554 1136 enim
576 1099 719 1137 notam
739 1096 793 1137 ad
814 1109 905 1138 eam
956 1098 1270 1150 istinguendam
1289 1099 1327 1139 vi
1361 1110 1423 1140 eo.

396 1165 489 1200 Hah.
512 1166 547 1200 in
568 1166 729 1201 Caucaso
747 1167 917 1202 orientali
935 1169 1148 1202 4500-6000‘
1170 1167 1298 1212 (Rupr.
1311 1169 1346 1203 l).

230 1281 322 1328 847,
354 1280 407 1319 T.
431 1281 616 1330 rubra,
639 1281 748 1323 adde
770 1295 778 1322 :

397 1368 490 1403 Hab.
511 1369 546 1403 in
562 1369 661 1404 silvis
680 1371 812 1404 montis
833 1369 899 1404 Ida
916 1370 1071 1405 Troadis
1089 1381 1204 1415 prope
1221 1371 1400 1406 Kareikos
1422 1370 1525 1416 (Sint.
1543 1372 1654 1416 6600.

396 1433 448 1468 Cl.
466 1433 656 1477 Ruprecht
674 1434 728 1468 Fl.
751 1435 858 1470 Cauc.
880 1446 914 1478 p.
935 1437 1004 1469 252
1024 1445 1147 1470 omnes
1171 1436 1282 1470 Tilias
1309 1436 1345 1470 in
1366 1436 1526 1471 Caucaso
1548 1441 1751 1471 crescentes
1778 1442 1913 1480 praeter

352 1480 388 1513 T.
410 1481 677 1526 microphyllam
696 1482 732 1515 in
752 1483 894 1516 unicam
915 1483 1070 1526 speciem
1087 1483 1275 1527 conjungit
1295 1483 1341 1517 ab
1362 1493 1404 1518 eo
1426 1484 1463 1518 T.
1490 1483 1719 1519 Caucasicam
1739 1483 1872 1518 dictam
1890 1495 1911 1518 a

352 1527 389 1560 T.
405 1528 635 1573 platyphyllci
652 1534 687 1563 et
711 1529 747 1563 T.
765 1529 998 1575 microphylld
1023 1529 1192 1564 dentibus
1218 1530 1386 1564 foliorum
1407 1531 1545 1574 patulis
1575 1536 1611 1566 et
1643 1530 1812 1566 distincte
1839 1542 1913 1565 mu-

350 1576 509 1609 cronatis
527 1586 593 1610 nec
614 1576 889 1611 conniventibus
911 1582 946 1611 et
971 1577 1187 1612 acuminatis
1216 1577 1435 1621 distinctam,
1463 1588 1542 1622 quae
1571 1583 1693 1613 tamen
1712 1583 1800 1613 nota
1827 1579 1913 1613 mihi

349 1622 492 1656 omnino
511 1623 627 1657 fallax
649 1623 803 1658 videtur.
825 1624 1006 1668 CLRegel
1024 1630 1145 1659 autem
1165 1624 1356 1668 (Gartenfl.
1380 1627 1479 1668 1881,
1500 1636 1535 1669 p.
1553 1625 1634 1669 365)
1657 1635 1778 1660 omnes
1802 1626 1913 1660 Tilias

349 1668 551 1713 Europaeas
573 1676 608 1704 et
629 1670 836 1705 Orientales
869 1677 1005 1715 praeter
1037 1672 1073 1706 T.
1105 1676 1309 1717 arqenteam
1340 1673 1482 1707 unicam
1513 1673 1669 1717 speciem
1693 1674 1913 1708 constituere

350 1721 465 1758 putat.

230 1835 322 1879 847,
354 1832 405 1870 Τ.
427 1832 711 1883 dasystyla
735 1846 743 1873 :

396 1920 514 1964 Hujus
536 1931 580 1955 ex
600 1921 713 1965 Rupr.
733 1921 789 1955 Fl.
809 1922 917 1957 Cauc.
935 1922 1041 1957 unica
1061 1922 1171 1957 arbor
1187 1927 1307 1957 exstat
1322 1923 1359 1957 in
1376 1923 1500 1957 littore
1516 1923 1745 1958 meridionali
1765 1924 1910 1959 Tauriae

349 1967 396 2001 ad
416 1967 557 2002 radices
577 1969 708 2002 montis
729 1968 970 2013 Kasteldagh.
991 1969 1047 2003 Ex
1069 1970 1112 2004 cl.
1135 1970 1172 2004 C.
1200 1969 1304 2004 Koch
1330 1971 1366 2004 in
1392 1970 1463 2004 litt.
1493 1970 1617 2005 forsan
1642 1972 1800 2006 varietas
1829 1972 1911 2017 styli

351 2014 430 2049 basi
450 2016 670 2058 persistente
687 2018 893 2051 tomentosa
916 2017 953 2051 T.
974 2017 1103 2051 rubrae.
1128 2017 1164 2052 T.
1183 2018 1378 2061 multiflora
1397 2017 1533 2052 Ledeb.
1553 2023 1676 2053 autem
1697 2029 1740 2053 ex
1758 2019 1912 2063 Alpibus

350 2062 508 2097 Ponticis
528 2062 580 2106 (C.
597 2063 714 2107 Koch)
737 2068 773 2098 et
787 2064 823 2098 in
837 2064 1016 2099 Imeretiae
1034 2064 1130 2099 valle
1152 2064 1285 2100 Chanis
1298 2065 1434 2099 Zchale
1450 2065 1596 2109 (Rupr.)
1616 2076 1781 2101 crescens
1802 2076 1846 2101 ex
1866 2066 1910 2101 cl.

351 2110 387 2144 C.
407 2109 510 2144 Koch
531 2111 566 2144 in
585 2110 654 2144 litt.
676 2117 711 2145 et
731 2121 774 2146 ex
792 2111 1016 2155 Ruprechtio
1035 2111 1130 2156 stylo
1151 2117 1228 2146 toto
1246 2113 1464 2156 persistente
1481 2118 1517 2147 et
1536 2118 1678 2147 tantum
1699 2118 1805 2157 parte
1822 2113 1911 2149 infe-

350 2157 446 2191 riore
465 2157 686 2202 albo-piloso
707 2169 729 2193 a
754 2159 789 2193 T.
810 2158 992 2204 dasystylci
1013 2159 1147 2194 differt.
1175 2159 1308 2194 Omnes
1333 2159 1458 2194 formae
1484 2160 1639 2195 ulterius
1664 2160 1911 2195 observandae.

231 2273 323 2318 847,
355 2274 451 2322 post
469 2271 523 2310 T.
557 2274 874 2323 argenteam
892 2272 1029 2312 insere
1051 2284 1059 2312 :

386 2359 439 2398 Τ.
468 2359 750 2410 petiolaris
786 2359 873 2410 (nc.
905 2358 1053 2400 Prodr.
1088 2358 1121 2407 Ι,
1159 2371 1201 2411 p.
1236 2358 1330 2410 514)
1363 2359 1538 2411 gemmis
1568 2359 1908 2412 pubescentibus,

334 2412 509 2453 ramulis
529 2411 737 2464 pendulis,
754 2411 862 2453 foliis
883 2412 1113 2464 gracillime
1158 2411 1340 2453 etiolatis
1355 2412 1509 2464 petiolo
1527 2412 1692 2453 laminae
1706 2411 1912 2464 subaequi-

336 2464 460 2517 longo
480 2464 673 2517 pendulis
699 2465 866 2517 oblique
892 2464 1133 2506 cordato-or
1164 2465 1329 2506 iculatis
1358 2466 1607 2506 acuminatis
1636 2468 1787 2517 argute
1813 2464 1911 2506 den-

335 2518 437 2558 tatis
457 2529 585 2570 supra
605 2517 869 2570 glaberrimis
890 2517 1039 2558 subtus
1054 2517 1518 2570 cano-pubescentibus,
1535 2517 1707 2571 capsula
1724 2517 1912 2558 coriacea

336 2574 585 2612 canescente
607 2570 803 2623 depresse
823 2570 996 2622 globosa
1014 2570 1107 2623 plus
1128 2571 1263 2611 minus
1284 2570 1459 2612 obscure
1477 2575 1519 2612 et
1539 2571 1690 2612 obtuse
1710 2571 1910 2623 quinque-

332 2623 497 2664 sulcata
516 2623 613 2665 hinc
633 2623 730 2665 inde
750 2623 1020 2665 tuberculata
1052 2637 1077 2675 5
1095 2655 1104 2664 .
1127 2623 1184 2664 Ic.
1207 2623 1304 2664 Bot.
1326 2636 1440 2676 mag.
1464 2627 1582 2666 6737.

348 2695 554 2777 ΤΗαρέῬίῐι
590 2695 744 2741 Olympo
782 2695 968 2740 Bithy-to?
1002 2695 1101 2738 (Noe
1143 2695 1325 2739 specimen
1356 2700 1498 2730 tantum
1529 2694 1751 2739 floriferum)
1784 2694 1842 2729 vel
1874 2694 1910 2729 in

380 2753 458 2777 auri

395 2809 425 2841 A
448 2808 484 2842 T.
505 2806 673 2852 arqented
693 2808 750 2841 cui
769 2806 876 2851 pube,
894 2806 1161 2842 inflorescentia
1178 2807 1410 2851 bracteisque
1430 2807 1555 2841 similis
1577 2806 1744 2851 specifice
1763 2806 1909 2841 differre

347 2854 491 2889 videtur
519 2855 628 2889 ramis
651 2854 830 2898 pendulis,
856 2854 1002 2898 petiolis
1032 2854 1175 2889 laminae
1201 2854 1414 2898 aequilongis
1441 2864 1506 2888 nec
1530 2855 1573 2888 ea
1595 2854 1736 2898 2-3-plo
1768 2853 1908 2888 brevio-

347 2901 458 2945 ribus,
482 2901 579 2936 foliis
605 2912 762 2945 superne
788 2902 938 2937 laevibus
966 2902 1104 2946 glabris
1127 2912 1192 2936 nec
1215 2902 1367 2946 rugosis,
1394 2901 1597 2945 praesertim
1617 2906 1737 2936 autem
1759 2900 1908 2944 capsula

346 2948 688 2993 depresso-globosa
707 2949 835 2983 obtuse
861 2949 1107 2993 quinqueloba
1128 2948 1361 2983 tuberculata
1384 2958 1450 2983 nec
1472 2950 1581 2983 ovata
1603 2949 1906 2993 quinquecostata

346 2996 438 3030 laevi.
460 2996 622 3031 Ulterius
642 2996 882 3031 observanda.
903 2996 1089 3040 Specimen
1109 2996 1245 3030 cultum
1262 3001 1404 3030 tantum
1425 2995 1509 3030 vidi.
