2094 3351
196 229 265 266 230
941 244 1118 268 sosimas.
1756 236 1862 275 Rosa.

315 366 430 401 hortis
451 367 550 401 culta
570 367 615 401 ad
640 367 903 402 Kirmanschah
925 368 1057 403 Persiae
1078 369 1202 412 occid,
1222 369 1330 404 arbor
1352 372 1406 404 201
1428 371 1515 414 alta,
1536 371 1654 406 Persis
1675 371 1867 406 Nastaran

314 413 411 448 dicta
430 415 512 454 (sec.
544 414 714 453 Haussk.)
742 420 777 448 et
801 414 846 448 ad
868 415 1040 450 Bebehan
1069 416 1202 450 Persiae
1232 423 1343 451 austr.
1377 417 1558 461 fflaussk„
1585 417 1608 452 f.
1639 418 1776 462 eadem,
1802 419 1865 454 sed

314 460 516 503 laevissima,
535 461 667 495 foliolis
683 461 883 504 majoribus
900 463 1087 505 minusque
1107 464 1266 506 serratis,
1283 463 1370 498 flore
1387 465 1523 498 minuto
1541 475 1724 508 purpureo
1742 466 1863 509 pleno)

313 507 440 541 incolis
460 507 531 541 Gul
552 519 568 541 e
588 508 735 542 Reschti
762 509 870 551 (Rose
891 509 936 543 de
956 510 1103 553 Rescht)
1133 509 1240 544 dicta.

365 569 444 603 Obs.
464 570 719 604 Haussknecht
739 581 770 604 a.
794 572 881 604 1885
899 581 941 605 ex
962 571 1069 605 horto
1088 572 1300 607 Atheniensi
1321 573 1510 617 hybridam
1531 574 1715 618 insignem,
1735 575 1866 609 verosi-

314 616 448 650 militer
468 616 514 650 R.
535 618 1086 661 moschatoXsempervirentem
1104 619 1241 653 retulit.

195 748 286 794 689,
317 757 391 814 pro
416 747 624 796 Spiraea
646 750 867 788 crenata
889 760 1018 800 pone:
1047 750 1136 800 Sp.
1160 750 1534 800 hypericifolia
1555 749 1602 790 L.
1626 749 1697 844 δῖ).
1721 754 1793 792 701
1820 770 1866 784 =

301 800 372 851 hp.
395 802 566 839 erenum
589 799 634 839 L.
663 800 765 840 Cod.
790 804 891 841 :5722
913 813 961 841 ex
987 806 1107 853 parte
1141 813 1222 842 non
1251 801 1389 843 Pallas
1421 802 1483 842 Fl.
1507 803 1626 843 Ross.
1673 835 1681 851 ,
1705 803 1792 844 tab.
1819 807 1865 845 19

299 864 347 892 ex
368 857 488 903 parto
509 865 598 903 qua*
619 854 797 904 speciem
819 860 1060 906 sequentem
1087 855 1128 895 in
1151 854 1309 895 ditione
1328 866 1492 907 quoque
1511 855 1674 896 obviam
1694 857 1807 897 sistit
1828 869 1836 897 :

355 938 442 987 Sp.
469 939 745 978 crenifolia
768 939 888 989 (CA.
913 940 1023 992 Mey.
1047 940 1177 981 Beitr.
1197 940 1267 989 VI,
1296 953 1337 1034 p.
1366 941 1435 987 43)
1462 940 1662 982 fruticosa
1686 942 1868 983 cinereo-

299 990 441 1030 viridis
463 990 658 1042 adpresse
679 992 1016 1043 pube1-11la‚foliis
1036 994 1244 1034 trinerviis
1259 994 1293 1034 el
1315 994 1451 1045 ipticis
1465 994 1639 1045 integris
1655 1006 1866 1036 ramorum

302 1043 506 1083 'uniorum
528 1045 796 1085 acutiusculis
817 1058 841 1084 a
868 1045 1002 1086 medio
1024 1046 1087 1086 vel
1114 1047 1230 1098 apice
1253 1047 1403 1098 saepius
1432 1047 1627 1094 effluatis,
1660 1047 1865 1099 corymbis

327 1097 385 1136 asi
407 1108 516 1147 saepe
537 1096 970 1144 foliaceo-bracteatis,
994 1099 1144 1150 calycis
1166 1099 1268 1139 lobis
1288 1100 1420 1140 ovatis
1447 1099 1757 1147 obtusiusculis,
1779 1111 1868 1140 car-

299 1149 416 1200 pellis
438 1149 577 1201 calyce
598 1150 765 1190 inclusis
786 1151 898 1191 intus
919 1151 1069 1199 gibbis,
1091 1156 1130 1191 st
1160 1151 1198 1192 lo
1219 1151 1383 1192 laterali
1399 1166 1450 1203 5.
1475 1151 1546 1205 Sp.
1569 1155 1741 1193 cremata
1760 1152 1864 1193 Pall.

300 1214 347 1241 ex
367 1206 487 1254 parte
507 1226 558 1230 —
579 1202 650 1254 Sp.
669 1202 969 1256 lzgzsperieifolz'a
988 1217 1075 1244 var.
1139 1204 1323 1245 ralense's
1343 1204 1432 1245 Ser.
1448 1228 1501 1233 -—-
1517 1204 1590 1258 Sp.
1613 1203 1868 1257 hypericz'fo-

300 1254 361 1295 lia
382 1267 468 1294 var.
492 1254 768 1308 Kotsehyana
787 1255 922 1297 Boiss.
946 1256 1008 1297 Fl.
1033 1256 1104 1298 Or.
1128 1257 1182 1305 ΙΙ,
1205 1269 1246 1309 p.
1267 1260 1357 1298 690.

357 1326 449 1359 Hab.
468 1327 502 1359 in
525 1326 686 1360 Caucaso
710 1326 823 1369 (SZOV.
845 1327 989 1361 Rehm.!
1010 1328 1253 1372 Brotherus!),
1271 1328 1391 1362 Iberia
1418 1328 1572 1373 (Wilh.)‚
1590 1330 1761 1364 Armenia
1786 1339 1866 1363 aus-

309 1373 395 1406 trali
416 1373 496 1417 (Ky.
519 1375 630 1413 538!).

358 1438 385 1469 A
426 1437 468 1470 cl.
491 1436 574 1470 CA.
598 1437 721 1480 Meyer
742 1442 777 1470 et
797 1437 942 1471 Maxim.
966 1439 1046 1471 Act.
1066 1438 1212 1481 Petrop.
1233 1438 1294 1481 VI,
1314 1449 1349 1481 p.
1372 1440 1438 1472 180
1458 1449 1479 1472 a
1499 1438 1623 1473 formis
1642 1438 1704 1483 Sp.
1724 1439 1865 1483 hyperi-

310 1483 443 1525 cif'olise
460 1483 637 1527 corymbis
660 1484 736 1517 basi
757 1484 955 1518 bracteatis
976 1495 1041 1519 nec
1068 1485 1298 1528 ebracteatis‚
1326 1485 1423 1519 foliis
1452 1486 1722 1520 innovationum
1750 1487 1864 1530 magis

310 1531 465 1564 crenatis
487 1537 519 1563 et
543 1531 716 1574 carpellis
737 1531 860 1576 calyce
880 1532 1027 1566 inclusis
1044 1542 1109 1566 nec
1131 1533 1282 1566 exsertis
1302 1531 1484 1576 distincta,
1498 1538 1618 1567 tamen
1633 1532 1676 1567 de
1693 1533 1865 1568 firmitate

312 1587 434 1611 earum
455 1584 621 1611 notarum
640 1578 775 1612 dubito.

194 1717 284 1763 690,
322 1715 410 1765 Sp.
433 1716 718 1764 Brahuica‚
742 1716 851 1757 adde
874 1729 882 1757 :

349 1805 386 1855 β.
418 1801 567 1853 major.
606 1826 657 1830 —
690 1803 808 1843 Rami
851 1814 929 1843 non
965 1803 1264 1855 spinescentes.
1299 1803 1416 1845 Folia
1453 1804 1612 1856 majora
1653 1804 1864 1845 interdum

297 1855 629 1907 semipollicaria.
654 1855 685 1895 F
690 1856 794 1896 lores
815 1855 1009 1907 maj0res.

356 1925 448 1958 Hab.
470 1925 504 1958 in
526 1926 620 1959 valle
642 1926 777 1959 Kuram
800 1925 1003 1970 Affglianiae
1023 1926 1273 1970 vulgatissima
1294 1927 1426 1963 (Aitch.
1445 1928 1531 1962 331!
1551 1929 1619 1961 540
1629 1927 1662 1971 ἱ).
1682 1927 1813 1961 Forma
1845 1938 1864 1962 e

309 1971 396 2006 locis
425 1972 685 2007 humidioribus
716 1972 984 2008 demissioribus
1011 1979 1046 2007 et
1078 1973 1267 2008 umbrosis.

355 2037 441 2071 Haec
470 2038 607 2080 species
635 2038 678 2071 ob
701 2037 888 2082 corymbos
914 2038 1094 2082 simplices
1121 2039 1156 2072 in
1176 2039 1336 2073 sectione
1359 2038 1619 2083 chamaedryon
1640 2049 1705 2073 nec
1724 2039 1760 2073 in
1782 2038 1862 2083 Spi-

307 2084 408 2118 rarat
427 2085 570 2118 militat.

189 2231 281 2277 690,
318 2229 406 2279 Sp.
432 2229 690 2276 Ulmaria,
714 2228 822 2269 adde
844 2241 852 2269 ε

354 2318 445 2352 Hah.
468 2318 502 2351 in
524 2318 619 2352 valle
648 2318 783 2352 Kuram
805 2318 1011 2360 Affghaniae
1030 2318 1168 2358 (Aitch.
1195 2319 1308 2363 213!).
1332 2338 1371 2342 —
1393 2318 1455 2362 Sp.
1486 2319 1614 2353 vestita
1636 2318 1756 2353 Aitch.
1783 2319 1861 2353 Cat.

308 2376 376 2400 non
399 2365 510 2398 Wall.
530 2384 572 2389 —
593 2366 725 2400 Similis
745 2365 807 2409 Sp.
834 2365 1010 2400 Ulmavriae
1029 2366 1220 2409 Europaeae
1243 2372 1278 2400 et
1299 2365 1484 2400 Orientali.

191 2512 282 2557 691,
315 2509 367 2549 ad
389 2510 544 2550 calcem
565 2510 729 2561 generis
754 2510 962 2561 Spiraea
984 2511 1120 2551 insere
1142 2523 1150 2550 :

348 2598 427 2645 9¹4.
456 2597 714 2637 Sorbaria
737 2597 803 2642 (Α.
830 2597 970 2637 Braun
1003 2603 1050 2637 ut
1080 2597 1246 2649 genus).
1269 2620 1319 2625 -
1348 2596 1489 2638 Flores
1514 2596 1859 2649 hermaphroditi.

294 2648 446 2690 Ovaria
479 2655 599 2701 parte
633 2649 826 2690 inferiore
860 2650 1012 2690 coalita
1040 2650 1169 2690 ovulis
1199 2650 1405 2702 pendulis
1441 2650 1589 2691 Discus
1621 2652 1735 2690 totus
1767 2660 1862 2690 cum

293 2702 443 2754 calycis
465 2702 565 2742 tubo
587 2706 804 2743 conflatus.

350 2789 438 2839 Sp.
462 2789 791 2838 Lindleyana
814 2789 957 2835 (Wall.
981 2788 1075 2830 Cat.
1099 2789 1193 2834 703)
1215 2789 1326 2829 elata
1346 2800 1465 2829 secus
1485 2788 1721 2840 paniculam
1748 2791 1791 2829 et
1810 2787 1865 2847 ad

295 2846 431 2881 costas
458 2842 622 2892 pagina>
656 2840 860 2882 inferioris
894 2841 1082 2882 foliorum
1111 2841 1356 2893 pubescens,
1393 2840 1498 2881 foliis
1529 2841 1863 2893 iinparipinnatls

294 2892 441 2933 foliolis
469 2893 664 2945 ‚za-jugis
693 2894 935 2935 lanceolatis
956 2895 1206 2935 acuminatis
1234 2893 1652 2946 duplicato-serratis
1678 2893 1864 2934 stamini-

295 2946 370 2986 bus
392 2947 531 2997 petala
558 2947 836 2997 aequantibus,
861 2947 1051 2999 cai-pellis
1077 2947 1264 2998 oblongis
1292 2947 1554 2998 glaberrimis
1582 2946 1704 2987 dorso
1731 2949 1865 2987 costa-

293 2999 345 3038 tis
386 3003 436 3049 5.
462 2999 598 3039 Lindl.
617 2999 710 3040 Bot.
739 3000 840 3051 Reg.
866 3005 895 3040 t.
921 3003 984 3040 33.
