2115 3250
216 206 455 252 Delphinium.
897 219 1199 244 RANUNCULACEAE.
1840 214 1881 247 19

234 285 303 319 Pag.

242 341 306 383 87,
341 340 399 379 D.
422 339 772 390 peregrinum
793 342 830 393 β.
854 339 1119 393 eriocarpum
1138 357 1151 381 .-

379 428 456 461 Hoc
481 427 526 461 cl.
561 427 604 461 de
628 427 824 462 Heldreich
855 429 891 462 in
924 428 993 462 litt.
1023 434 1062 463 ut
1088 430 1242 473 speciem
1272 431 1457 474 propriam
1490 431 1555 465 sub
1585 431 1633 465 D.
1662 432 1883 467 subveZutino

333 474 457 508 Heldr.
478 474 589 508 habet
608 479 743 517 praeter
766 475 930 518 carpella
950 476 1066 518 pilosa
1086 487 1107 510 a
1126 482 1212 521 typo
1234 478 1366 520 speciei
1385 478 1537 511 racemis
1558 477 1769 522 densifloris,
1788 479 1881 513 flori-

331 521 397 555 bus
420 521 564 555 brevius
594 520 832 564 pedicellatis,
862 522 1018 556 bracteis
1046 523 1243 566 pedicellos
1270 524 1410 567 longius
1439 525 1707 567 superantibus,
1733 525 1882 560 floribus

332 567 476 602 sordide
505 578 570 602 nec
598 573 761 602 saturate
787 570 1146 613 purpurascentibus,
1175 571 1317 605 calcare
1350 571 1427 605 basi
1458 572 1634 605 crassiore
1666 571 1882 615 distinctam,

332 614 395 695 seg
430 619 565 658 praeter
603 615 845 658 carpellorum
883 616 1129 650 indumentum
1169 628 1290 651 omnes
1325 618 1397 651 illae
1432 622 1527 651 notae
1565 618 1651 651 mihi
1688 619 1882 654 variabiles

332 662 365 695 vi
394 666 510 696 entur.

240 822 304 867 87,
336 822 431 871 post
452 821 511 859 D.
533 820 883 871 peregrinum
905 820 1040 860 insere
1063 833 1071 860 :

378 907 430 941 Cl.
460 907 504 941 de
526 907 723 941 Heldreich
743 918 871 941 novam
889 908 1044 950 speciem
1065 914 1273 952 sequentem
1296 910 1477 953 proponit,
1504 910 1548 945 de
1569 912 1641 954 qua
1661 921 1703 946 ex
1725 911 1882 946 frustulo

329 955 434 988 unico
450 953 626 997 judicium
647 954 743 988 ferre
762 965 833 988 non
850 955 966 988 audeo
984 967 990 988 z

371 1035 431 1074 D.
463 1034 961 1074 Hirschfeldianum
989 1034 1154 1087 (Heldr.
1185 1039 1227 1076 et
1255 1035 1438 1084 Holzm.)
1459 1036 1615 1078 humile
1640 1037 1883 1080 brevissime

343 1086 490 1127 ilosum
518 1086 783 1138 glaucescens
813 1099 838 1126 a
865 1086 954 1128 basi
981 1088 1127 1128 stricte
1152 1100 1377 1137 ramosum,
1407 1088 1513 1130 foliis
1542 1090 1693 1131 trifidis
1722 1091 1882 1132 laciniis

331 1139 723 1179 ineari-lanceolatis
753 1140 1015 1188 acuminatis,
1039 1141 1214 1181 racemis
1240 1141 1451 1190 laxifloris‚
1473 1142 1656 1183 bracteis
1681 1143 1882 1195 pedicello

314 1191 664 1243 sublongioribus.
710 1190 880 1233 floribus
926 1192 1211 1234 concoloribus
1254 1198 1444 1235 saturate
1487 1195 1687 1244 caeruleis,
1733 1196 1883 1248 petalis

315 1244 455 1297 calyce
474 1244 541 1285 lon
574 1245 730 1285 ioribus
749 1245 1030 1296 superioribus
1046 1245 1285 1295 linearibus,
1304 1247 1541 1288 lateralium
1555 1248 1883 1300 aequilongorum

314 1297 469 1337 lamina
501 1309 550 1338 su
582 1297 790 1349 quadrata
818 1297 903 1338 late
934 1300 1132 1339 truncata
1162 1299 1545 1340 crenato-dentata
1577 1301 1668 1341 basi
1699 1301 1884 1342 breviter

315 1351 494 1443 {uneata
512 1362 695 1401 unguem
716 1350 1003 1402 subaequante‚
1027 1351 1189 1392 calcare
1217 1356 1331 1392 recto
1359 1352 1613 1394 ascendente
1640 1355 1791 1405 petalis
1816 1355 1883 1395 vix

345 1403 505 1443 reviore
525 1405 589 1451 Θ.

373 1471 466 1506 Hab.
486 1473 522 1506 in
541 1472 660 1506 insula
679 1472 815 1516 AEgina
835 1471 974 1512 (Heldr.
996 1477 1032 1506 et
1051 1472 1221 1511 Holzm.l.

375 1538 407 1570 A
430 1536 479 1570 D.
494 1537 682 1580 pereyrino
703 1536 824 1571 differt
845 1536 977 1579 petalis
1000 1542 1163 1571 saturate
1186 1538 1351 1572 caeruleis
1374 1548 1441 1572 nec
1461 1537 1603 1581 albidis,
1624 1538 1759 1572 lamina
1780 1543 1881 1582 peta-

327 1584 665 1665 ffiffingssgittegalium
679 1584 822 1618 calcare
834 1583 1012 1618 breviore.
1031 1584 1160 1619 Calcar
1178 1591 1213 1618 et
1230 1585 1357 1628 sepala
1370 1585 1579 1619 indumento
1594 1585 1694 1620 brevi
1709 1585 1882 1629 adpresso

238 1793 302 1837 89,
337 1791 396 1830 D.
420 1790 849 1840 dasystachyum
868 1806 905 1842 γ.
930 1788 1324 1842 lonqebracteatum,
1347 1790 1481 1831 adde:

373 1883 467 1918 Hab.
487 1885 524 1918 in
544 1884 698 1918 collibus
715 1883 891 1927 lapidosis
912 1883 958 1918 ad
977 1883 1104 1927 Djimil
1120 1884 1227 1918 Ponti
1243 1884 1365 1919 Lazici
1382 1886 1485 1919 6100‘
1508 1885 1599 1929 (Bal.
1613 1885 1647 1927 !).

373 1950 479 1992 Spica
499 1949 721 1991 densissima,
740 1949 853 1983 facies
870 1949 1094 1983 Pedieularis
1119 1948 1403 1984 Wilhelmsianoe.

234 2115 298 2158 5³1,
333 2113 391 2151 D.
423 2111 888 2160 saniculaefolium,
909 2110 1042 2152 adde:

372 2198 466 2233 Hab.
496 2199 533 2233 in
562 2199 726 2233 omnibus
751 2198 933 2233 montibus
960 2198 1144 2233 districtus
1169 2199 1252 2233 Kuh
1279 2194 1457 2244 Kilouych
1486 2200 1620 2234 Persiae
1648 2200 1882 2235 austro-occi-

326 2246 482 2281 dentalis
499 2247 535 2280 in
556 2246 709 2280 dumetis
731 2246 947 2285 (Haussk.!).

235 2417 299 2461 al,
334 2414 392 2452 D.
417 2412 804 2463 penicillatum‚
828 2411 937 2452 adde
959 2425 967 2452 :

365 2513 401 2564 β.
424 2508 784 2562 macroplcctrum.
801 2532 853 2537 —
871 2508 1067 2550 Pedicelli
1088 2509 1223 2549 stricti
1244 2508 1372 2561 calyci
1393 2508 1615 2561 aequilongi
1632 2509 1696 2549 vel
1710 2509 1881 2550 subbre-

314 2562 447 2603 viores
486 2561 629 2602 formae
666 2562 830 2613 typicae,
869 2574 894 2602 a
931 2563 1013 2613 qua
1050 2561 1190 2602 differt
1227 2562 1388 2603 calcare
1425 2562 1616 2602 tenuiore
1656 2561 1880 2614 cylindrico

314 2615 465 2667 sepalis
497 2614 583 2655 fere
610 2614 734 2666 duplo
761 2615 961 2655 lontriore.
990 2638 1041 2642 —
1065 2614 1125 2655 D.
1156 2614 1283 2666 affine
1308 2614 1368 2655 D.
1401 2614 1590 2655 tuberoso
1614 2614 1753 2655 Aitch.
1784 2614 1878 2655 Cat.

314 2667 549 2760 lesug.tVall.
571 2690 624 2695 —
642 2667 676 2708 A
700 2666 760 2708 D.
784 2646 974 2708 tuZeroso
998 2667 1211 2719 pedicellis
1231 2666 1456 2708 fructiferis
1477 2667 1634 2708 strictis
1655 2673 1735 2708 etc.
1759 2667 1881 2718 longe

314 2732 376 2761 (is
401 2732 424 2761 a
450 2752 459 2760 .

372 2791 464 2825 Hab.
485 2791 520 2825 in
540 2792 656 2835 pratis
672 2791 778 2825 vallis
799 2790 948 2825 Alikhel
967 2790 1173 2835 Affghaniae
1193 2793 1358 2825 8-11000‘
1379 2790 1513 2834 (Aitch.
1534 2790 1630 2834 862).

235 2958 299 3002 92,
336 2956 394 2994 D.
415 2955 676 2995 vestitum
696 2954 829 2995 Boiss.
851 2978 903 2983 —
923 2953 986 2995 Ob
1009 2953 1067 2995 D.
1093 2953 1283 2995 restitum
1307 2953 1431 2994 Wall.
1455 2953 1549 2995 Cat.
1568 2956 1676 3005 4715
1701 2953 1881 3005 speciem
