2115 3250
220 230 460 276 Delphinium.
902 242 1209 266 RANUNCULACEAE.
1854 235 1891 270 ‘21

239 312 308 345 Pag.

325 364 473 416 petalis
493 363 757 405 inferioribus
813 365 923 405 ilosis
949 365 1097 406 bilobis
1126 369 1183 412 Ql.
1207 366 1304 406 Bot.
1340 367 1454 417 Mag.
1492 368 1579 408 tab.
1615 372 1731 410 5461.
1764 394 1814 397 —
1837 370 1894 410 D.

324 416 748 468 Jacquemontianmn
804 417 915 458 amb.
938 418 979 457 in
1000 417 1217 470 Jacquem.
1241 418 1344 471 Voy.
1368 422 1406 467 8,
1430 420 1518 460 tab.
1543 425 1579 461 7.

384 487 476 521 Hab.
494 488 530 521 in
548 487 721 531 lapidosis
740 488 786 522 ad
802 488 920 522 latera
935 489 1066 523 montis
1083 489 1248 524 Sikaram
1264 489 1469 533 Affghaniae
1491 492 1615 525 14000'
1633 492 1767 529 (Aitch.
1784 494 1850 527 957
1862 495 1897 533 ἔ),

384 551 451 585 Ar.
476 551 617 594 Geogr.
639 552 784 587 Tibetia
804 552 1049 587 occidentalis.

247 700 312 746 95,
344 698 631 737 Aconitum
653 698 941 745 Orientale,
965 698 1073 739 adde
1094 710 1376 751 synonymon:
1403 700 1455 739 A.
1479 700 1767 741 oola-oleuanm
1783 701 1895 741 M.B.

326 748 447 790 Ceut.
476 749 564 790 tab.
599 753 659 795 12,
692 750 765 790 sed
794 750 844 790 cl.
875 750 1091 802 Ruprecht
1122 750 1243 791 flores
1274 764 1484 803 nunquam
1514 752 1795 801 ochroleucos,
1825 755 1898 795 sed

324 814 490 854 semper
509 802 625 843 albos
647 802 858 843 interdum
880 803 1309 844 caeruleo-maculatos
1326 805 1453 845 velex
1471 809 1560 845 toto
1581 806 1898 847 caerulescentes

326 854 443 895 vidit.
466 854 746 896 Probabiliter
762 856 945 896 varietas
966 856 1014 897 A.
1038 856 1280 909 Lycoctom‘.

384 925 476 960 Hab.
505 937 647 969 quoque
667 927 703 960 in
730 927 877 970 regione
898 926 1092 971 subalpina
1119 928 1225 961 Ponti
1256 928 1377 962 Lazici
1397 939 1512 972 prope
1532 929 1657 972 Djimil
1689 935 1724 963 et
1752 930 1898 964 Khaba-

338 973 426 1007 ckar
447 974 551 1007 6000‘
573 973 712 1017 (Bal.!).

245 1123 310 1168 95,
342 1124 436 1172 post
455 1121 513 1160 A.
538 1121 827 1171 Napellum
846 1121 983 1161 insere
1004 1133 1012 1161 ε

378 1206 434 1245 Α.
457 1205 866 1246 rotundifolium
888 1205 1009 1258 (Kar.
1026 1210 1069 1247 et
1092 1206 1180 1247 Kir.
1207 1207 1361 1248 Enum.
1380 1207 1507 1259 Song.
1525 1216 1568 1248 n⁰
1587 1208 1656 1254 46)
1673 1209 1792 1249 caule
1806 1221 1900 1268 gra-

325 1258 405 1306 cili,
420 1257 527 1299 foliis
542 1257 796 1299 radicalibus
811 1259 934 1311 longe
948 1259 1160 1311 petiolatis
1175 1260 1314 1312 parvis
1331 1260 1573 1301 orbiculatis
1587 1261 1700 1301 ultra
1714 1261 1899 1302 med1um

325 1315 410 1352 5-7-
441 1311 579 1352 artitis
595 1311 892 1363 partitionibus
905 1312 948 1352 in
965 1311 1137 1353 lacinias
1154 1312 1332 1354 lineares
1353 1313 1526 1354 obtusas
1541 1313 1774 1363 multifidis,
1792 1313 1901 1355 foliis

325 1375 402 1404 cau
420 1364 498 1404 inis
528 1367 592 1404 1-2
618 1364 831 1405 sessilibus
858 1364 1122 1413 multisectis,
1156 1377 1323 1406 racemo
1351 1366 1606 1419 subsimplici
1636 1367 1728 1408 laxe
1758 1368 1900 1420 pauci-

324 1416 446 1464 floro,
481 1415 653 1457 fioribus
685 1417 1092 1467 caeruleo-lilacinis‚
1126 1418 1278 1470 sepalis
1318 1419 1523 1467 deciduiS,
1560 1420 1681 1472 galea
1718 1422 1900 1472 angusta

325 1471 466 1510 erecta
504 1469 621 1521 apice
652 1469 838 1510 breviter
867 1470 1054 1518 incurva,
1091 1471 1242 1522 petalis
1276 1472 1561 1523 superioribus
1594 1473 1744 1514 erectis
1783 1485 1808 1513 a
1839 1473 1900 1514 ice

326 1521 523 1570 curvatis,
541 1522 783 1574 carpellis...
807 1526 843 1569 Ql
856 1554 866 1563 .
884 1524 936 1563 A.
952 1522 1166 1576 Napellus
1177 1536 1266 1564 var.
1288 1523 1620 1577 rotzmdzfolium
1639 1525 1778 1566 Aitch.
1802 1485 1897 1567 gat.

383 1591 477 1626 Hab.
494 1592 530 1626 in
549 1593 666 1636 pratis
683 1592 859 1627 Shendtoi
877 1593 983 1627 vallis
1000 1593 1138 1628 Kuram
1158 1594 1366 1639 Affghaniae
1389 1597 1513 1629 10000'
1532 1596 1668 1633 (Aitch.
1693 1597 1831 1640 10011).

384 1658 417 1691 A
449 1656 574 1691 formis
602 1658 649 1691 A.
675 1657 822 1701 Napelli
847 1657 943 1692 foliis
971 1657 1149 1693 diametro
1177 1660 1237 1694 vix
1262 1659 1551 1705 bipollicaribus,
1574 1671 1717 1696 racemo
1744 1666 1899 1706 angusto

336 1703 547 1748 paucifloro,
566 1704 672 1748 galea
690 1705 898 1748 angustiore
919 1704 1139 1740 distinctum.

385 1766 453 1802 Ar.
474 1766 618 1810 Geogr.
645 1768 881 1813 Cachemiria,
902 1770 1087 1814 Songaria.

245 1918 311 1964 95,
342 1917 400 1956 A.
421 1916 783 1967 variegatam,
805 1915 914 1957 adde
933 1916 1071 1958 locum
1091 1930 1100 1958 ε

383 2004 498 2049 Regio
515 2004 710 2048 subalpina
726 2005 832 2040 Ponti
849 2006 972 2040 Lazici
991 2006 1027 2040 in
1046 2006 1144 2041 valle
1161 2006 1211 2042 Of
1229 2006 1367 2051 (Bam).

384 2069 525 2103 Forsan
541 2069 620 2103 haec
639 2070 778 2113 species
798 2070 919 2113 aptius
939 2070 1005 2104 sub
1025 2071 1168 2106 nomine
1187 2072 1234 2106 A.
1251 2072 1375 2106 nasuta·
1394 2073 1545 2107 Fischer
1566 2073 1790 2118 designanda
1812 2075 1899 2117 erit;

340 2126 384 2149 ex
399 2116 442 2150 cl.
455 2116 657 2159 Ruprecht,
671 2117 732 2160 qui
746 2127 824 2151 eam
842 2117 974 2161 saepius
989 2118 1025 2151 in
1040 2118 1202 2153 Caucaso
1220 2118 1438 2163 observavit,
1456 2119 1578 2155 differt
1597 2120 1643 2155 ab
1658 2123 1704 2155 A.
1722 2122 1902 2166 varieyato

339 2162 442 2197 Koch
467 2164 550 2207 Syn.
573 2179 615 2191 =
632 2163 678 2197 A.
702 2162 890 2199 Cammaro
909 2164 932 2198 J
935 2174 1014 2208 acq.
1032 2167 1157 2199 Austr.
1175 2165 1251 2200 tab.
1269 2168 1348 2210 424,
1368 2166 1477 2211 galea
1496 2167 1610 2201 multo
1634 2169 1846 2212 angustiore
1865 2174 1902 2203 et

339 2210 375 2243 in
400 2209 662 2254 longitudinem
679 2210 871 2254 producta.
891 2211 1024 2246 Forma
1041 2213 1179 2256 regioni
1200 2213 1406 2248 Caucasicae
1426 2214 1632 2258 peculiaris.

248 2357 314 2403 96,
346 2354 529 2395 Actaea
549 2356 776 2407 spicata,
798 2355 908 2398 adde
929 2369 938 2397 :

387 2439 480 2474 Hab.
500 2441 537 2475 in
557 2441 703 2485 regione
721 2441 916 2486 subalpina
934 2443 1041 2477 Ponti
1061 2444 1183 2478 Lazici
1199 2455 1310 2488 supra
1324 2445 1548 2480 Khabackar
1564 2446 1706 2490 (Bam),
1719 2447 1756 2481 in
1769 2446 1901 2491 fagetis
1934 2467 1937 2470 -

341 2487 447 2522 vallis
467 2487 605 2522 Kuram
622 2488 829 2533 Affghaniae
846 2491 1013 2524 9-10000‘
1031 2490 1168 2535 (Aitch.
1184 2493 1252 2526 263
1265 2493 1300 2535 l).

250 2635 316 2681 97,
351 2633 567 2674 Paeonia
588 2635 863 2683 coraIHna,
886 2635 995 2677 adde
1018 2648 1026 2677 z

388 2722 481 2757 Hab.
499 2723 535 2757 in
555 2723 709 2758 collibus
725 2724 854 2758 insulae
872 2724 994 2759 Rhodi
1018 2725 1210 2770 (Bourg.!)‚
1231 2726 1278 2761 ad
1297 2727 1439 2762 radices
1465 2729 1609 2772 rupium
1636 2740 1747 2773 supra
1767 2740 1901 2774 pagum

344 2769 553 2804 Haramoun
573 2769 719 2805 ditionis
739 2771 930 2806 Kesrouan
946 2772 1077 2807 Libani
1097 2773 1239 2816 (Gaill.!
1260 2773 1376 2809 forma
1391 2775 1602 2819 leiocarpa).
