2115 3250
209 241 535 277 Hammatolobium.
929 251 1182 275 JAEGUMINOSAE.
1813 239 1874 273 171

208 324 246 351 Pa
273 344 279 351 .

214 332 300 424 l7g7‚
331 379 427 427 post
447 373 944 415 Hammatolobium
964 373 1195 413 lotoides
1215 374 1351 414 insere
1374 386 1381 413 :

368 462 432 501 H.
458 463 704 502 Graecum
724 459 889 512 (Heldr.
911 460 954 500 in
978 459 1143 501 Piehler
1170 459 1233 500 Pl.
1266 459 1401 501 Graec.
1425 471 1510 500 exs.
1542 458 1661 510 1876)
1690 459 1879 499 villosum

314 517 586 566 prostratum,
601 525 626 554 a
639 512 742 554 collo
757 513 1083 554 ramosissimum
1095 512 1222 553 ramis
1236 512 1432 553 tenuibus
1443 511 1713 559 abbreviatis,
1726 511 1880 562 petiolo

314 566 521 614 subnullo,
559 565 707 607 foliolis
739 566 869 606 ternis
901 564 1170 616 subdigitatis
1203 565 1385 605 minimis
1418 564 1606 605 obovatis
1637 563 1884 604 brevissime

314 618 583 670 petiolulatis,
635 617 849 659 eduneulis
869 617 1055 658 unifloris
1077 617 1317 658 axillaribus
1338 616 1434 657 folio
1460 616 1734 663 brevioribus,
1762 616 1882 655 brao-

317 672 386 711 tea
405 671 459 711 ad
478 670 590 712 floris
640 671 728 711 asin
754 671 878 711 unica
897 670 1089 718 obovata,
1113 670 1264 722 calycis
1286 669 1437 721 hispidi
1459 669 1654 710 dentibus
1674 668 1881 709 subulatis

315 723 462 764 tubum
475 722 691 764 dimidium
702 722 977 775 aequantibus,
990 722 1143 763 corolla
1153 725 1499 774 purpurascente,
1512 722 1722 773 legumine
1728 752 1807 761 .....
1820 724 1858 766 Ql
1870 752 1879 760 .

373 793 465 828 Hab.
485 794 522 828 in
537 793 675 828 fissuris
694 794 836 837 rupium
853 794 985 827 montis
1005 793 1160 837 Taygeti
1176 793 1344 826 Laconiae
1364 792 1538 835 (Pichl.!).

370 858 475 892 Rami
494 857 767 901 3-5-pollicares
784 857 985 901 ramulique
1005 857 1286 901 approximatim
1305 856 1436 900 foliosi,
1455 856 1582 891 foliola
1602 857 1652 891 eis
1667 856 1716 890 H.
1737 855 1884 890 Zotoidis

326 905 437 948 triplo
461 905 611 948 minora,
636 905 777 948 maj0ra
802 906 823 938 2
849 904 963 939 lineas
989 904 1108 948 longa,
1130 904 1290 938 bracteae
1311 903 1485 938 solitariae
1512 914 1577 938 nec
1603 909 1728 946 ternae,
1749 903 1887 947 calyeis

326 951 467 986 laciniae
487 951 722 995 abbreviatae,
740 951 878 986 corolla
894 961 1080 995 purpurea
1096 961 1162 985 nec
1182 951 1293 985 lutea.

213 1085 300 1131 178,
333 1083 661 1134 Scorpiurus
674 1082 943 1123 muricata
966 1063 1003 1136 ᾗ.
1028 1081 1237 1136 laevz‘yata,
1259 1081 1394 1123 adde:

374 1169 467 1203 Hab.
485 1169 520 1203 in
541 1169 692 1214 AEgypti
711 1169 796 1204 Oasi
815 1170 947 1213 magna
968 1169 1219 1213 (Schweinffl).

215 1304 302 1347 179,
334 1301 383 1340 S.
406 1301 631 1349 sulcata,
654 1300 763 1341 adde
783 1313 791 1340 ;

372 1387 465 1421 Hab.
482 1388 517 1421 in
539 1387 693 1432 oryzetis
712 1387 848 1422 Oaseos
868 1396 992 1430 parvae
1009 1386 1165 1431 AEgypti
1181 1386 1364 1430 (Aschers.
1377 1386 1411 1430 !).

213 1535 301 1580 179,
333 1531 601 1572 Coronilla
621 1532 937 1580 emeroides,
961 1531 1068 1572 adde
1087 1532 1206 1571 Areae
1227 1531 1376 1581 Geoqr.
1402 1544 1409 1570 :

374 1620 500 1655 Serbia
516 1619 699 1664 (Faunei),
717 1620 954 1664 Montenegro
973 1619 1091 1663 (Pant.
1105 1620 1137 1662 !).

208 1769 300 1814 185,
335 1766 693 1817 Hippocrepis
713 1765 1152 1816 multisiliquosa,
1174 1763 1282 1804 adde
1305 1777 1313 1804 :

373 1854 466 1889 Hab.
486 1855 522 1889 in
539 1855 701 1899 AEgypto
721 1854 893 1889 inferiore
913 1853 959 1888 ad
979 1854 1139 1888 Mariout
1157 1863 1271 1897 prope
1293 1852 1553 1887 Alexandriam
1576 1852 1762 1895 (Letourn.
1775 1852 1810 1894 !).

212 1992 300 2037 185,
335 1989 400 2029 Η.
424 1988 621 2037 ciliata,
645 1988 753 2029 adde
776 2001 784 2028 :

374 2077 466 2112 Hah.
488 2088 630 2122 quoque
651 2077 697 2112 ad
717 2077 878 2111 Mariout
900 2077 1134 2120 (Letourn.!).

213 2212 301 2259 185,
333 2213 427 2262 post
448 2210 513 2249 H.
536 2210 775 2250 ciliatam
795 2209 932 2250 insere
955 2221 963 2248 :

370 2299 434 2338 H.
462 2298 758 2338 constricta
781 2296 945 2348 (Kunze
970 2296 1122 2348 Pugill.
1151 2297 1274 2348 prim.
1296 2295 1353 2348 pl.
1377 2295 1443 2346 12)
1468 2306 1594 2347 parce
1622 2298 1665 2335 et
1686 2294 1887 2345 adpresse

315 2350 486 2398 hirtula,
506 2350 692 2391 caulibus
712 2349 906 2390 tenuibus
924 2349 1161 2401 prostratis,
1183 2348 1289 2389 foliis
1309 2348 1552 2389 brevissime
1572 2347 1784 2399 petiolatis
1801 2349 1886 2386 3-4-

310 2403 358 2454 ju
390 2403 439 2452 is,
462 2402 609 2443 foliolis
635 2402 934 2454 approximatis
954 2402 1127 2442 minutis
1148 2401 1341 2453 elliptieis
1361 2401 1425 2441 vel
1453 2401 1585 2441 ovatis
1611 2400 1786 2447 obtusis,
1813 2399 1887 2439 sti-

313 2468 368 2508 pu
387 2456 420 2496 is
457 2455 638 2496 minimis
676 2454 1078 2507 triangulari-ovatis
1116 2454 1446 2495 membranaceis
1485 2452 1691 2501 eiliolatis,
1727 2451 1886 2504 pedun-

317 2509 418 2549 culis
440 2507 639 2548 3-4-floris
659 2506 755 2548 folio
775 2507 1126 2558 sublongioribus,
1150 2507 1300 2558 ealyeis
1328 2506 1523 2547 dentibus
1548 2505 1732 2545 breviter
1758 2505 1887 2545 trian-

317 2560 546 2612 gularibus,
568 2559 848 2612 leguminibus
869 2560 1052 2600 arcuatis
1070 2559 1377 2610 angustissimis
1398 2558 1451 2599 ad
1471 2558 1631 2599 semina
1649 2558 1804 2609 glabris
1822 2556 1884 2597 vel

316 2613 501 2654 breviter
527 2613 768 2664 pustulosiS,
796 2612 969 2653 sinubus
1003 2611 1055 2652 ad
1075 2612 1286 2652 internum
1315 2623 1624 2662 concavumque
1652 2610 1886 2661 marginem

316 2666 605 2718 spectantibus
627 2668 690 2714 Θ.
713 2665 772 2706 Η.
795 2664 1038 2716 elonqatula
1058 2664 1233 2705 Hochst.
1255 2665 1297 2704 in
1320 2663 1502 2715 Schimp.
1526 2663 1588 2704 Pl.
1610 2662 1682 2703 Ar.
1707 2662 1776 2703 fel.

375 2736 469 2771 Hab.
490 2737 526 2770 in
543 2737 704 2771 arenosis
724 2737 911 2770 maritimis
930 2735 1076 2770 Arabiae
1095 2746 1209 2780 prope
1230 2735 1375 2779 Djedda
1397 2736 1567 2778 (Schimp.
1587 2736 1673 2769 739!
1694 2733 1887 2777 Zohrab!).

376 2800 507 2834 Affinis
534 2801 584 2834 H.
610 2801 750 2844 ciliatoe,
777 2800 839 2835 sed
871 2800 984 2834 multo
1013 2800 1197 2844 gracilior,
1227 2799 1315 2834 folia
1344 2799 1571 2841 abbreviata,
1591 2798 1719 2832 foliola
1746 2798 1887 2831 minora

329 2853 437 2881 ovata
459 2858 525 2882 nec
551 2848 714 2890 linearia,
741 2847 884 2890 stipulae
911 2847 1197 2881 membranaceae
1223 2854 1340 2880 ovatae
1362 2857 1427 2881 nec
1447 2846 1662 2880 lanceolatae
1683 2845 1888 2886 herbaceae,

331 2894 463 2939 calycis
493 2894 619 2928 dentes
645 2895 889 2937 triangulares
921 2904 986 2928 nec
1016 2894 1222 2937 lanceolati‚
1250 2894 1414 2937 legumen
1449 2894 1636 2937 angustius
1669 2892 1714 2926 ad
1750 2892 1885 2925 semina

330 2942 465 2976 minute
479 2941 704 2984 pustulosum
719 2951 785 2975 nec
799 2941 944 2975 hirtum.
960 2942 1105 2985 Species
1120 2941 1331 2984 subtropica
1348 2951 1428 2984 quae
1444 2940 1683 2984 probabiliter
1697 2940 1732 2972 in
1751 2938 1888 2972 ditione

331 2988 377 3022 ad
396 2998 478 3022 oras
498 2989 611 3022 Maris
630 2987 745 3022 Rubri
765 2988 977 3031 reperietur.
