2115 3250
200 205 425 251 Hypericum.
902 211 1164 240 HYPERlCINEAE.
1805 208 1872 243 129

199 284 222 311 P
261 305 269 312 .

200 293 291 387 8083,
321 342 416 390 post
435 339 499 378 H.
521 338 884 389 leptocladum
906 338 1039 378 insere
1061 351 1069 378 :

359 425 423 464 H.
445 424 806 463 vermiculare
829 422 978 473 (Boiss.
1003 428 1045 464 et
1065 423 1271 474 Haussk.)
1293 424 1485 475 glabrum
1513 424 1722 475 glaucum,
1747 426 1872 466 cauli-

303 476 381 517 bus
402 488 424 516 e
444 475 672 516 rhizomate
692 475 877 516 verticali
898 476 1087 528 pluribus
1106 476 1428 517 ascendentibus
1450 476 1564 517 duris
1585 489 1609 517 a
1622 477 1713 518 basi
1734 491 1872 518 ramu-

304 528 400 569 losis
431 528 472 568 in
504 528 741 580 paniculam
773 527 1057 581 thyrsoideam
1090 529 1361 580 compositam
1397 528 1568 570 densam
1600 530 1871 571 multifloram

303 581 568 630 abeuntibus,
591 580 697 621 foliis
717 581 899 621 minimis
919 581 1040 621 valde
1060 582 1290 622 convolutis
1313 582 1716 635 lineari-cylindricis
1739 583 1872 623 brevi-

302 633 380 673 bus
401 633 559 674 obtusis
581 633 726 674 crebre
744 634 957 685 punctatis
987 634 1179 674 flexuosis
1208 634 1273 674 vel
1300 635 1483 675 curvatis
1510 647 1722 675 ramorum
1752 637 1872 676 steri-

304 685 404 726 lium
425 686 632 738 congestis
652 686 694 726 in
724 686 847 726 axilla
875 685 1176 734 fasciculiferis,
1207 687 1389 727 bracteis
1422 687 1626 739 oblongis,
1659 688 1872 739 pedicellis

304 738 513 790 angulatis
548 738 687 791 calyce
723 738 997 787 brevioribus,
1039 739 1190 791 calycis
1228 739 1382 780 corolla
1418 740 1543 792 triplo
1578 741 1780 781 brevioris
1819 741 1874 781 ad

304 795 350 841 Ὗ,
391 792 536 842 partiti
573 791 733 832 laciniis
771 791 959 843 oblongis
993 791 1152 832 obtusis
1189 792 1380 843 margine
1418 792 1627 844 glandulis
1660 793 1873 834 sessilibus

303 844 431 896 nigris
452 843 597 884 obsitis
619 843 811 884 elevatim
832 844 1032 892 nervosis,
1055 844 1225 896 capsula
1245 847 1369 885 ovata
1395 845 1535 898 calyce
1552 846 1619 886 vix
1641 845 1766 898 duplo
1786 846 1873 887 lon-

303 897 417 948 giore
436 896 579 937 loculis
600 896 899 948 oligospermis‚
917 897 1144 937 seminibus
1165 898 1348 938 curvatis
1369 898 1617 939 laeviusculis
1646 902 1703 946 Q.

360 966 453 1000 Hab.
474 967 509 1000 in
529 967 690 1000 arenosis
707 967 980 1010 Mesopotamiae
1002 967 1047 1001 ad
1068 967 1231 1001 Derbent
1251 968 1262 1001 i
1282 968 1415 1002 Basian
1436 968 1610 1012 (Haussk.
1625 969 1659 1012 1).

362 1030 491 1065 Caules
516 1041 594 1064 cum
623 1031 748 1074 thyrso
778 1029 970 1064 densifloro
997 1031 1242 1074 2-3-pollicari
1273 1031 1522 1075 semipedales,
1553 1031 1642 1066 folia
1670 1034 1729 1067 2-3
1758 1033 1874 1068 lineas

316 1077 433 1120 longa,
452 1087 631 1111 ramorum
650 1077 826 1111 sterilium
842 1077 1005 1111 conferta
1021 1078 1262 1112 Frankeniam
1282 1079 1499 1121 simulantia,
1514 1078 1622 1114 flores
1638 1081 1751 1123 parvi,
1767 1080 1874 1125 calyx

313 1124 372 1157 vix
394 1124 523 1158 lineam
545 1124 684 1168 longus,
704 1123 972 1158 inflorescentia
993 1124 1187 1159 densiflora
1208 1130 1243 1160 et
1260 1125 1372 1160 facies
1395 1126 1444 1160 H.
1468 1126 1611 1170 hirtezli,
1637 1126 1700 1161 sed
1726 1127 1876 1162 charac-

313 1176 421 1215 teres,
441 1171 592 1214 capsula
612 1171 825 1205 abbreviata
849 1172 898 1205 H.
920 1172 1120 1215 leptocladi.

197 1299 287 1344 804,
321 1297 385 1336 Η.
408 1297 658 1345 Aucheri,
684 1296 823 1337 adde-z

360 1382 453 1416 Hab.
473 1383 510 1416 in
529 1383 628 1417 silvis
648 1394 761 1427 prope
781 1383 960 1418 Kareikos
981 1384 1113 1418 montis
1134 1383 1198 1418 Ida
1215 1383 1368 1418 Troadis
1389 1385 1490 1427 (Sint.
1512 1387 1581 1419 650
1595 1386 1631 1426 ἔ).

196 1511 287 1556 804,
321 1509 385 1548 H.
408 1512 675 1558 retusum,
699 1508 807 1550 adde
830 1521 838 1550 :

358 1595 451 1630 Hab.
471 1597 507 1629 in
525 1597 699 1631 Cataonia
717 1596 763 1630 ad
783 1596 954 1631 Marasch
974 1602 1009 1631 et
1027 1597 1062 1630 in
1079 1596 1232 1631 desertis
1253 1596 1364 1640 juxta
1386 1597 1500 1632 Gebel
1522 1598 1668 1633 Taktak
1695 1604 1804 1643 atque
1835 1600 1871 1634 in

313 1642 458 1678 deserto
476 1649 641 1678 cretaceo
662 1643 708 1678 ad
728 1643 811 1678 fluv.
831 1643 977 1679 Chabur
997 1644 1270 1687 Mesopotamiae
1292 1644 1507 1688 (Haussk.!).

360 1708 518 1751 Capsula
534 1708 867 1743 comeo-attenuata
887 1713 993 1743 acute
1013 1713 1173 1743 rostrata
1193 1708 1316 1753 calyce
1337 1708 1459 1752 3·4plo
1480 1708 1633 1753 longior.

195 1837 285 1884 806,
319 1836 383 1876 Η.
404 1838 714 1884 venustum,
734 1834 842 1876 adde
865 1848 873 1876 :

358 1922 451 1957 Hab.
472 1923 508 1957 in
528 1924 644 1967 pratis
663 1923 818 1958 humidis
838 1923 1042 1968 subalpinis
1061 1924 1109 1959 ad
1129 1924 1254 1969 Djimil
1274 1925 1381 1959 Ponti
1400 1925 1522 1959 laazici
1539 1927 1641 1960 6000'
1665 1925 1758 1969 (Bal.
1771 1927 1806 1966 Ι).

195 2053 285 2100 808,
318 2052 382 2091 Η.
405 2052 802 2105 Ιειωιᾳὶηοεωῃ,
825 2057 862 2109 β.
882 2053 1058 2108 gracile,
1079 2053 1189 2096 adde
1211 2067 1219 2095 z

357 2140 456 2232 Hab'.)
474 2141 510 2175 in
541 2141 722 2176 montibus
748 2143 856 2187 Cypri
884 2153 995 2187 supra
1021 2143 1197 2187 Lapithos
1224 2143 1327 2187 (Sint.
1352 2149 1388 2179 et
1412 2144 1504 2189 Rigo
1532 2155 1608 2180 exs.
1630 2145 1695 2180 sub
1724 2146 1772 2180 H.
1795 2151 1873 2182 ato-

310 2198 442 2222 τηαν-ιο.
463 2215 470 2222 .

194 2317 284 2362 808,
318 2315 381 2356 H.
414 2315 756 2364 atomarium,
786 2316 895 2358 adde
913 2328 1005 2369 syn.
1030 2329 1039 2358 ε
1062 2317 1122 2358 Η.
1153 2318 1356 2370 supinum
1382 2318 1541 2360 Visiani
1562 2319 1720 2361 Illustr.
1748 2333 1790 2381 p.
1823 2325 1869 2363 17

299 2379 348 2408 ex
366 2372 488 2419 parte
507 2371 673 2409 tantum
703 2368 841 2421 quoad
870 2370 1100 2422 specimina
1128 2370 1349 2412 Anatolica
1380 2372 1524 2413 citata.
1557 2372 1704 2414 Descri
1736 2377 1794 2415 tio
1827 2380 1870 2415 et

297 2420 389 2461 icon
410 2420 470 2461 H.
491 2434 543 2461 su
575 2420 638 2462 ἐπὶ
664 2420 778 2462 Clus.
800 2422 921 2474 Hisp.
943 2426 1022 2464 428
1048 2423 1102 2463 ad
1127 2423 1188 2465 H.
1217 2425 1490 2466 tomentosum
1521 2424 1685 2466 reseren
1718 2438 1743 2466 a
1770 2433 1870 2468 sunt

297 2473 488 2525 plantam
508 2435 795 2526 lffspanicam,
818 2474 1037 2525 Gallicam,
1062 2479 1142 2517 etc.

313 2544 652 2628 (Ρῌὼαῖιέέιιανὶιιτη
681 2555 824 2589 quoque
855 2546 891 2579 in
919 2546 1051 2589 pinetis
1077 2546 1197 2591 Lyeiae
1223 2547 1318 2581 inter
1343 2547 1490 2582 Elmalu
1519 2554 1555 2583 et
1587 2548 1716 2583 Vinica
1742 2550 1872 2584 crescit

357 2601 388 2625 ie
434 2618 440 2624 .
536 2598 569 2635 .).

193 2717 285 2763 809,
315 2719 411 2767 post
432 2717 497 2757 H.
524 2716 805 2757 Sinaicum
825 2718 961 2759 insere
984 2731 992 2758 ε

353 2803 415 2843 Η.
447 2804 707 2844 tenellum
740 2804 897 2857 (Janka
927 2805 1051 2846 Brev.
1083 2805 1117 2855 I,
1151 2819 1193 2859 p.
1230 2810 1253 2848 2
1286 2818 1368 2848 non
1406 2807 1590 2858 Tausch)
1624 2808 1813 2850 caulibus
1847 2821 1871 2851 e

299 2855 527 2897 rhizomate
546 2857 662 2897 tenui
689 2862 863 2909 repente
890 2858 1080 2910 pluribus
1109 2859 1432 2901 ascendentibus
1459 2859 1723 2902 filiformibus
1754 2861 1869 2903 duris

297 2908 463 2960 pumilis
483 2908 754 2961 simplicibus,
777 2911 884 2951 foliis
903 2911 1042 2962 parvis
1063 2911 1253 2964 oblongis
1273 2913 1338 2953 vel
1363 2912 1721 2965 lineari-oblongis
1749 2914 1870 2955 obtu-

297 2961 352 3002 sis
377 2960 831 3014 pellucido-punctatis‚
860 2963 988 3016 cymis
1015 2963 1214 3005 2-3-floris
1242 2965 1284 3005 in
1315 2965 1553 3017 paniculam
1578 2966 1868 3008 brevissimam

1659 3041 1681 3077 9
