2115 3250
208 192 424 239 Erysimum.
927 201 1150 227 mucimus-1.
1839 195 1881 230 37

212 273 300 374 ἐξ,
333 326 389 366 Β.
412 325 728 377 repandum,
751 324 860 366 adde
883 337 891 365 :

371 411 464 446 Hab.
485 411 521 445 in
538 411 635 446 valle
654 411 792 446 Kuram
811 410 1016 456 Affghaniae
1038 412 1173 456 (Aitch.
1195 413 1285 456 671).

371 476 489 520 Hujus
520 476 760 520 probabiliter
792 477 951 511 varietas
984 482 1038 512 est
1069 477 1115 511 E.
1149 477 1425 520 Griffithianum
1455 478 1569 512 Boiss.
1600 477 1695 513 foliis
1722 480 1885 524 integris,

324 522 473 558 floribus
504 523 701 559 bracteatis
735 529 875 558 tantum
912 524 1131 558 distinctum.
1164 525 1209 559 E.
1247 523 1517 568 Comperianum
1556 526 1680 560 Czern.
1718 527 1754 560 in
1790 527 1885 560 Bull.

324 571 440 651 glosq.
464 573 563 651 1854,
587 573 639 615 10,
660 582 694 615 p.
713 573 781 606 304
802 581 846 606 ex
866 571 1001 606 Tauria
1026 571 1096 606 hnc
1118 572 1224 606 etiam
1244 582 1287 607 ex
1309 572 1352 606 cl.
1374 572 1502 607 Turcz.
1524 574 1703 607 sententia
1725 573 1884 608 referen—

351 629 409 651 Um
428 628 465 652 OS
485 646 492 651 .

371 680 438 716 Ar.
463 680 605 725 Geogr.
627 682 864 718 Cachemiria.

216 818 302 863 190,
337 816 393 855 E.
414 815 691 863 tenellum,
715 814 824 855 adde
844 827 851 855 :

330 902 531 994 (HHab.ki1'1)
542 903 645 948 Syria
665 903 711 938 ad
732 903 901 938 Charaba
922 903 1086 947 (Socin!),
1107 903 1143 937 in
1160 904 1433 947 Mesopotamiae
1456 903 1600 938 deserto
1621 903 1719 938 fluvii
1741 904 1889 940 Chabur

379 960 462 984 auss
493 976 517 984 ..
537 977 543 984 .

373 1013 525 1047 Demum
545 1013 767 1058 semipedale
787 1024 809 1048 a
828 1013 907 1048 basi
926 1024 1107 1048 ramosum
1133 1015 1243 1048 ramis
1269 1014 1451 1057 tortuosis,
1479 1014 1619 1058 siliquae
1643 1017 1748 1049 12-16
1776 1015 1890 1050 lineas

328 1060 444 1104 longae
464 1065 667 1105 tetragonae
688 1060 984 1105 subcompressae.
1005 1062 1151 1105 Species
1171 1062 1340 1106 stigmate
1360 1061 1541 1106 profunde
1562 1061 1685 1097 bilobo
1706 1063 1866 1107 insignis.

216 1198 304 1244 192,
335 1198 430 1247 post
451 1196 505 1236 Ε.
533 1195 804 1236 Creticum
825 1196 990 1237 insere:

223 2162 310 2207 192,

371 1283 429 1323 E.
470 1283 826 1324 Caucasicum
865 1283 1058 1333 (Trautv.
1100 1283 1162 1324 Pl.
1199 1283 1326 1325 Novae
1365 1284 1407 1324 in
1444 1284 1554 1324 Bull.
1602 1284 1732 1325 Mosc.
1775 1285 1894 1333 1868)

317 1335 481 1384 bieme,
510 1336 627 1377 caule
653 1339 792 1377 erecto
820 1336 936 1377 tenui
957 1336 1051 1388 pilis
1072 1337 1328 1389 2-4-partitis
1349 1341 1600 1378 canescente
1625 1337 1800 1389 simplici
1829 1337 1892 1377 vel

316 1399 442 1440 parce
469 1400 649 1438 ramoso,
684 1388 791 1429 foliis
820 1388 1073 1430 radicalibus
1101 1390 1332 1430 numerosis
1354 1390 1436 1430 cito
1458 1390 1675 1430 exsiccatis
1682 1421 1779 1436 ......
1798 1401 1894 1430 cau-

316 1441 410 1482 linis
445 1444 625 1493 anguste
661 1441 889 1482 linearibus
928 1442 1062 1482 acutis
1102 1441 1287 1483 dentatis
1325 1442 1436 1493 pube
1470 1442 1641 1483 stellata
1672 1454 1893 1483 canescen-

316 1493 450 1553 tibus,
472 1493 685 1554 pedicellis
703 1494 900 1554 breyibus
920 1493 1147 1554 fructiferis
1169 1495 1428 1547 patentibus,
1450 1495 1601 1554 petalis
1622 1494 1746 1535 luteis
1760 1495 1894 1554 'longe

316 1546 1894 1652 ὶὲῖἷῖὲὲῗῶἶὲἳθὲἓῖἔὲἓῗ,ἃῖἓέἴιῖἓηὲᾚὲἷῖἶέἒθἒῗὲἶὲιέῗὲἕὲῖξῗὲῗέἃΞίξίἱέἒὲἳ

320 1651 440 1692 dorso
469 1652 811 1705 subcompressis,
838 1653 946 1705 stylo
972 1653 1131 1705 siliquae
1160 1652 1384 1694 latitudine
1410 1652 1677 1705 sublongiore
1703 1654 1740 1694 ei
1769 1654 1896 1706 aequi-

318 1704 420 1754 lato,
442 1705 642 1757 stigmate
662 1706 847 1758 capitato
867 1709 1009 1747 retuso
1030 1709 1094 1754 (2).

354 1774 472 1856 ΙῌΓαὶ).
496 1775 537 1856 tin
562 1775 851 1810 Transcaucasia
870 1786 985 1820 prope
1005 1776 1202 1811 Borschom
1230 1780 1265 1810 et
1284 1776 1388 1810 Baku
1417 1776 1559 1820 (Radde
1572 1777 1605 1819 1).
1623 1776 1706 1811 Vidi
1726 1777 1763 1811 in
1792 1777 1896 1812 herb.

334 1831 352 1855 c
371 1848 378 1856 .
427 1832 494 1856 rau
513 1833 546 1856 v.

378 1886 471 1920 Fere
490 1885 671 1930 bipedale,
692 1885 780 1921 folia
797 1887 974 1922 radicalia
993 1887 1029 1921 in
1047 1887 1302 1931 speciminibus
1323 1893 1494 1922 caeterum
1515 1889 1678 1932 pessimis
1697 1888 1896 1933 destructa,

332 1931 440 1968 flores
475 1933 674 1968 mediocres
703 1935 852 1978 magnit.
881 1934 928 1968 E.
956 1935 1185 1969 versicoloris.
1218 1935 1364 1978 Siliquae
1393 1940 1519 1970 tenues
1552 1938 1612 1970 2-2
1633 1935 1897 1980 ¹l2-pollicares.

333 1980 461 2015 Facies
480 1981 624 2015 omnino
643 1985 678 2015 et
695 1981 836 2026 siliquae
857 1981 974 2026 longae
992 1986 1120 2017 tenues
1140 1982 1186 2016 E.
1213 1982 1397 2027 Olympici,
1415 1982 1478 2017 sed
1499 1983 1675 2018 stellatim
1693 1995 1758 2019 nec
1775 1983 1897 2028 bipar-

333 2027 426 2061 titim
447 2027 697 2071 pubescentes.

344 2160 400 2200 E.
425 2159 700 2200 Ibericum
722 2172 732 2200 :

382 2248 521 2292 Facies,
542 2248 630 2283 folia
651 2249 775 2293 incisa,
795 2248 902 2284 flores
922 2250 1042 2294 magni
1062 2250 1107 2284 E.
1122 2250 1291 2294 pulchelli
1310 2260 1331 2284 a
1351 2261 1422 2295 quo
1444 2256 1616 2285 caeterum
1636 2251 1760 2286 radice
1777 2262 1899 2286 mono-

336 2295 482 2339 carpica
501 2295 654 2339 aliisque
671 2296 765 2331 notis
793 2296 901 2340 longe
930 2296 1053 2331 distat.
1079 2297 1226 2341 Siliquae
1253 2302 1382 2332 exacte
1409 2303 1444 2332 et
1464 2304 1571 2332 acute
1591 2303 1794 2342 tetragonae
1815 2299 1898 2343 pilis

336 2342 458 2377 mixtis
489 2341 540 2376 bi·
571 2348 607 2377 et
637 2343 833 2386 tripartitis
856 2349 1099 2388 canescentes,
1125 2344 1206 2379 ideo
1232 2345 1353 2388 aptius
1384 2345 1479 2379 inter
1506 2345 1758 2381 Heterotricha
1785 2357 1901 2390 prope

338 2388 385 2423 Ε.
405 2389 615 2435 Smyrneum
633 2390 896 2425 collocandum.

385 2453 478 2488 Hab.
509 2453 680 2498 frequens
714 2455 750 2488 in
778 2455 939 2490 Caucaso
968 2455 1123 2490 centrali
1152 2457 1307 2490 3-6000'.
1338 2456 1380 2490 In
1409 2457 1571 2492 Caucaso
1598 2457 1769 2492 orientali
1795 2459 1903 2492 4500-

339 2502 442 2535 8000’
462 2500 580 2536 forma
597 2500 747 2536 floribus
767 2501 1047 2537 subminoribus.

388 2565 441 2601 Cl.
469 2566 658 2610 Ruprecht
688 2566 877 2611 distinguit
905 2567 951 2602 E.
977 2578 1244 2612 macrocarpum
1271 2568 1368 2603 Stev.
1389 2568 1491 2603 herb.
1514 2579 1558 2603 ex
1585 2568 1705 2603 Iberia
1726 2569 1806 2604 loco
1833 2580 1903 2604 non

339 2617 464 2647 notato
485 2613 588 2657 cujus
613 2614 757 2648 unicum
784 2614 973 2657 exemplar
1000 2620 1107 2658 parte
1132 2614 1306 2649 inferiore
1331 2615 1498 2650 orbatum
1530 2621 1651 2650 exstat
1678 2622 1713 2651 et
1733 2616 1830 2660 quod
1858 2617 1903 2651 cl.

340 2659 431 2694 ΜΒ.
451 2659 636 2695 indicante
655 2660 772 2695 forma
792 2660 976 2696 robustior
995 2661 1208 2697 subramosa
1229 2662 1275 2696 E.
1297 2662 1428 2697 Iber-ici
1447 2673 1526 2697 esse
1546 2662 1700 2698 videtur.

228 2784 316 2830 193,
347 2781 404 2822 B.
427 2792 724 2823 canescens
746 2795 755 2823 z

367 2868 421 2904 Cl.
441 2868 639 2904 Heldreich
659 2869 747 2914 legit
766 2870 802 2905 in
822 2870 970 2915 regione
990 2869 1108 2905 media
1128 2871 1260 2906 montis
1280 2871 1455 2916 Kyllenes
1476 2871 1626 2906 Achaiae
1644 2881 1759 2916 prope
1781 2871 1905 2916 Karya

319 2917 461 2950 3-4000'
493 2917 675 2960 specimen
704 2916 933 2952 fructiferum
970 2917 1067 2952 foliis
1100 2917 1313 2953 destitutum
1341 2918 1502 2964 Erysimi
1531 2919 1670 2962 siliquis
1703 2919 1906 2963 tetragonis

318 2962 414 3007 pube
432 2962 609 3006 bipartita
629 2963 902 2999 canescentibus
922 2969 958 2999 et
977 2965 1146 3008 stigmate
1166 2971 1288 3000 retuso
1306 2964 1427 3000 affinis
1448 2965 1494 2999 Ε.
1518 2967 1726 3008 canescenti,
1747 2965 1811 3001 sed
1830 2966 1904 3001 sili-

322 3019 402 3053 quae
423 3010 619 3045 crassiores
638 3015 722 3045 sunt
742 3016 778 3045 et
797 3021 819 3046 a
839 3010 946 3046 dorso
966 3011 1263 3056 subcompressae.
