2094 3351
219 230 289 267 250
907 243 1203 268 SAxirnAGAcnAE.
1672 235 1885 275 Parmam.

217 312 309 412 {ng
344 365 402 404 Ρ.
437 366 764 413 subacaulis,
799 364 908 406 adde
939 376 1029 417 syn.
1055 378 1062 405 :
1088 364 1140 406 P.
1162 367 1284 406 ovata
1303 365 1440 406 Aitch.
1465 364 1559 407 Cat.
1588 365 1734 407 Journ.
1761 366 1882 408 Linn.

324 415 417 458 Soc.
441 428 521 458 non
542 417 696 458 Ledeb.
723 436 768 450 =
790 416 841 458 P.
867 416 1065 460 Cabzclica
1084 417 1255 458 Planch.
1283 418 1324 458 in
1354 418 1472 459 herb.
1509 417 1628 459 Griff.
1652 431 1701 460 ex
1732 418 1885 461 Clarke

323 470 364 510 in
386 469 447 510 Fl.
471 470 577 511 Brit.
601 470 693 511 Ind.

382 541 475 575 Hah.
497 543 530 575 in
552 547 671 576 monte
686 542 850 576 Sikaram
872 542 1075 587 Affghaniae
1093 542 1139 576 ad
1160 541 1277 576 fontes
1295 544 1461 577 9-11000'
1482 542 1617 586 (Aitch.
1642 544 1709 578 943
1720 543 1754 587 !).

382 605 511 639 Differt
533 616 553 639 a
574 606 614 639 P.
636 606 740 640 ovatci
762 606 857 640 foliis
878 607 912 639 in
930 606 1103 650 petiolum
1128 606 1258 640 sensim
1280 606 1478 641 attenuatis
1504 617 1569 641 nec
1585 606 1664 642 basi
1683 606 1887 642 rotundatis

335 653 389 686 vel
412 652 651 696 subeordatis,
673 653 777 687 caule
798 654 930 697 saepius
950 653 1112 697 aphyllo.

214 803 306 849 815,
340 802 502 842 Rihes
527 803 883 851 Grossularia‚
907 802 1016 843 adde
1039 815 1048 842 t

380 891 472 925 Hal).
505 892 539 925 in
581 891 754 926 silvaticis
791 891 837 926 ad
869 891 971 926 basin
1004 892 1135 926 montis
1166 892 1331 927 Sikaram
1370 892 1475 927 vallis
1510 892 1646 927 Kuram
1681 892 1886 938 Affghaniae

334 939 499 972 9-10000‘
518 939 655 979 (Aitch.
668 939 702 982 ε).

332 1049 354 1082 Γ
379 1001 445 1035 Ar.
469 1002 619 1045 Geogr„
641 1002 734 1037 adde
753 1015 759 1036 z
780 1002 894 1047 Regio
914 1003 1118 1038 Himalaica
1138 1003 1372 1038 occidentalis
1393 1014 1414 1038 a
1441 1004 1665 1039 Cachemiria
1694 1003 1739 1038 ad
1765 1004 1885 1048 Nepa-

347 1060 426 1083 lam.

211 1202 302 1247 816,
336 1201 393 1240 R.
415 1201 658 1247 rubrum,
683 1199 790 1240 adde
815 1212 823 1240 :

377 1289 468 1323 Hab.
490 1289 524 1322 in
542 1289 715 1323 silvaticis
734 1288 848 1323 faucis
868 1288 1041 1323 Shendtoi
1062 1288 1269 1333 Affghaniae
1289 1290 1456 1324 9-11000'
1478 1288 1660 1333 (Aitch.!).

377 1352 444 1386 Ar.
466 1352 606 1394 Geogr.
635 1353 742 1396 hujus
764 1358 798 1387 et
818 1353 863 1387 R.
884 1353 986 1397 niqri
1003 1363 1116 1396 usque
1136 1352 1183 1387 ad
1200 1353 1430 1398 Himalayam
1451 1353 1723 1388 occidentalem.

209 1503 301 1548 817,
336 1500 392 1539 R.
420 1499 710 1548 Orientale,
734 1498 843 1540 adde
865 1512 873 1539 :

374 1588 467 1622 Hab.
488 1589 522 1622 in
544 1588 694 1622 Graeciae
720 1588 901 1622 montibus
927 1587 1064 1632 Delphi
1090 1593 1125 1622 et
1154 1588 1318 1633 Taygeto
1352 1587 1527 1632 (Pichl.!)‚
1551 1588 1587 1622 in
1618 1588 1721 1623 siccis
1752 1588 1884 1632 alpinis

328 1635 512 1670 districtus
532 1635 670 1669 Hariab
692 1635 897 1679 Affghaniae
919 1635 1056 1679 (Aitch.
1081 1636 1191 1678 1242).

374 1699 440 1734 Ar.
473 1699 615 1742 Geogr.
639 1700 875 1735 Cachemiria.

520 1969 728 2009 ORDo
769 1969 938 2008 LIII.
982 1967 1572 2008 RAMAMELIDEAE

205 2179 297 2225 818,
328 2180 424 2229 post
445 2177 757 2217 Parrotiam
779 2176 1065 2216 Persicam
1085 2176 1222 2216 insere
1245 2188 1253 2216 :

365 2265 423 2304 P.
470 2264 501 2303 J
508 2262 959 2313 acquemontiana
1005 2261 1240 2313 (Decaisne
1285 2261 1327 2301 in
1368 2259 1445 2301 Jac
1475 2271 1584 2300 uem.
1629 2259 1736 2312 Yoy.
1782 2259 1878 2300 Bot.

310 2317 396 2357 tab.
421 2317 489 2365 82)
511 2315 711 2356 fruticosa
734 2316 860 2362 elata,
885 2315 1011 2355 ramis
1033 2320 1076 2355 et
1095 2312 1202 2355 foliis
1230 2313 1380 2354 subtus
1399 2316 1464 2354 ste
1482 2313 1598 2353 latim
1619 2312 1883 2364 pubescenti-

309 2370 387 2410 bus
406 2369 520 2410 hisce
550 2368 736 2408 breviter
767 2367 978 2419 petiolatis
1012 2366 1255 2408 orbiculatis
1291 2366 1449 2408 obtusis
1482 2365 1669 2406 obsolete
1700 2365 1880 2406 arenatis

309 2422 399 2463 basi
420 2421 658 2463 rotundatis
679 2421 742 2461 vel
762 2419 1042 2467 subeordatis,
1061 2419 1254 2471 capitulis
1271 2419 1456 2460 breviter
1474 2418 1766 2471 pedunculatis
1786 2429 1881 2459 ova-

310 2476 363 2515 tis
393 2474 643 2522 multifloriS‚
670 2474 852 2514 bracteis
878 2473 1002 2514 oblon
1033 2473 1082 2521 is,
1111 2472 1263 2524 ealyeis
1295 2472 1455 2513 laciniis
1483 2475 1661 2523 anguste
1687 2470 1882 2523 oblongo-⁷

307 2527 550 2575 linearibus,
573 2527 713 2567 ovario
743 2531 786 2567 et
814 2526 986 2578 capsula
1023 2526 1172 2578 ignosa
1192 2525 1616 2574 lanato-tomentosis,
1638 2523 1767 2565 valvis
1788 2534 1883 2564 cau-

310 2580 681 2621 dato-acuminatis
716 2593 768 2631 5.

369 2650 464 2685 Hah.
485 2651 734 2694 copiosissima
754 2649 849 2684 latos
872 2654 1011 2684 tractus
1034 2649 1193 2684 vestiens
1214 2648 1250 2682 in
1276 2647 1430 2682 collibus
1449 2647 1556 2682 vallis
1576 2646 1713 2681 Kuram
1734 2645 1881 2690 Affgha-

323 2699 391 2733 niae
413 2699 627 2733 7500-8500‘
648 2697 813 2740 (Aitch.).

371 2764 510 2798 Frutex
531 2761 784 2805 6-12-pedalis.

370 2827 437 2862 Ar.
471 2826 613 2869 Geogr.
635 2825 872 2861 Cachemiria.
