<?xml version="1.0" encoding="UTF-8"?>
<!DOCTYPE html PUBLIC "-//W3C//DTD XHTML 1.0 Transitional//EN"
    "http://www.w3.org/TR/xhtml1/DTD/xhtml1-transitional.dtd">
<html xmlns="http://www.w3.org/1999/xhtml" xml:lang="en" lang="en">
 <head>
  <title>
</title>
<meta http-equiv="Content-Type" content="text/html;charset=utf-8" />
  <meta name='ocr-system' content='tesseract 3.04.00' />
  <meta name='ocr-capabilities' content='ocr_page ocr_carea ocr_par ocr_line ocrx_word'/>
</head>
<body>
  <div class='ocr_page' id='page_1' title='image "./floraorientaliss00bois_0308.png"; bbox 0 0 2094 3351; ppageno 0'>
   <div class='ocr_carea' id='block_1_1' title="bbox 216 247 1882 451">
    <p class='ocr_par' dir='ltr' id='par_1_1' title="bbox 216 247 1882 451">
     <span class='ocr_line' id='line_1_1' title="bbox 216 247 1882 286; baseline 0.001 -2"><span class='ocrx_word' id='word_1_1' title='bbox 216 247 284 284; x_wconf 73' lang='lat'>266</span> <span class='ocrx_word' id='word_1_2' title='bbox 921 260 1194 284; x_wconf 44' lang='lat' dir='ltr'>vuerthan-’suffia</span> <span class='ocrx_word' id='word_1_3' title='bbox 1697 249 1882 286; x_wconf 78' lang='lat' dir='ltr'>Johrem&#39;a.</span> 
     </span>
     <span class='ocr_line' id='line_1_2' title="bbox 216 327 287 362; baseline 0 -8"><span class='ocrx_word' id='word_1_4' title='bbox 216 327 287 362; x_wconf 75' lang='lat' dir='ltr'>Pag.</span> 
     </span>
     <span class='ocr_line' id='line_1_3' title="bbox 218 399 1321 451; baseline 0.001 -12"><span class='ocrx_word' id='word_1_5' title='bbox 218 401 333 447; x_wconf 91' lang='lat'>1010,</span> <span class='ocrx_word' id='word_1_6' title='bbox 364 404 459 451; x_wconf 91' lang='lat' dir='ltr'>post</span> <span class='ocrx_word' id='word_1_7' title='bbox 478 400 509 439; x_wconf 87' lang='lat' dir='ltr'><strong>J</strong></span> <span class='ocrx_word' id='word_1_8' title='bbox 516 399 797 439; x_wconf 86' lang='lat' dir='ltr'>ohreniam</span> <span class='ocrx_word' id='word_1_9' title='bbox 818 399 1135 439; x_wconf 86' lang='lat' dir='ltr'>selinoidem</span> <span class='ocrx_word' id='word_1_10' title='bbox 1155 400 1291 440; x_wconf 90' lang='lat' dir='ltr'>insere</span> <span class='ocrx_word' id='word_1_11' title='bbox 1314 412 1321 439; x_wconf 95' lang='lat'>:</span> 
     </span>
    </p>
   </div>
   <div class='ocr_carea' id='block_1_2' title="bbox 316 485 1888 1013">
    <p class='ocr_par' dir='ltr' id='par_1_2' title="bbox 316 485 1888 1013">
     <span class='ocr_line' id='line_1_4' title="bbox 371 485 1888 538; baseline 0.002 -13"><span class='ocrx_word' id='word_1_12' title='bbox 371 487 418 526; x_wconf 87' lang='lat' dir='ltr'>J.</span> <span class='ocrx_word' id='word_1_13' title='bbox 451 487 666 526; x_wconf 85' lang='lat' dir='ltr'>Porteri</span> <span class='ocrx_word' id='word_1_14' title='bbox 695 486 814 537; x_wconf 76' lang='lat' dir='ltr'>(Post</span> <span class='ocrx_word' id='word_1_15' title='bbox 845 485 966 536; x_wconf 86' lang='lat' dir='ltr'>Mss.)</span> <span class='ocrx_word' id='word_1_16' title='bbox 995 486 1144 538; x_wconf 83' lang='lat' dir='ltr'>glabra</span> <span class='ocrx_word' id='word_1_17' title='bbox 1171 486 1454 538; x_wconf 86' lang='lat' dir='ltr'>glaucescens,</span> <span class='ocrx_word' id='word_1_18' title='bbox 1483 486 1600 528; x_wconf 91' lang='lat' dir='ltr'>caule</span> <span class='ocrx_word' id='word_1_19' title='bbox 1630 487 1753 528; x_wconf 87' lang='lat' dir='ltr'>tereti</span> <span class='ocrx_word' id='word_1_20' title='bbox 1778 487 1888 528; x_wconf 87' lang='lat' dir='ltr'>elato</span> 
     </span>
     <span class='ocr_line' id='line_1_5' title="bbox 316 538 1887 591; baseline 0.001 -13"><span class='ocrx_word' id='word_1_21' title='bbox 316 538 471 591; x_wconf 85' lang='lat' dir='ltr'>pluries</span> <span class='ocrx_word' id='word_1_22' title='bbox 503 540 650 580; x_wconf 87' lang='lat' dir='ltr'>stricte</span> <span class='ocrx_word' id='word_1_23' title='bbox 678 538 915 579; x_wconf 90' lang='lat' dir='ltr'>dichotomo</span> <span class='ocrx_word' id='word_1_24' title='bbox 949 538 1074 587; x_wconf 87' lang='lat' dir='ltr'>nudo,</span> <span class='ocrx_word' id='word_1_25' title='bbox 1110 539 1235 580; x_wconf 82' lang='lat' dir='ltr'>ramis</span> <span class='ocrx_word' id='word_1_26' title='bbox 1268 539 1413 591; x_wconf 85' lang='lat' dir='ltr'>rigidis</span> <span class='ocrx_word' id='word_1_27' title='bbox 1446 539 1745 588; x_wconf 87' lang='lat' dir='ltr'>crassiusculis,</span> <span class='ocrx_word' id='word_1_28' title='bbox 1781 538 1887 581; x_wconf 84' lang='lat' dir='ltr'>foliis</span> 
     </span>
     <span class='ocr_line' id='line_1_6' title="bbox 318 591 1888 644; baseline 0.001 -13"><span class='ocrx_word' id='word_1_29' title='bbox 318 591 509 632; x_wconf 88' lang='lat' dir='ltr'>omnibus</span> <span class='ocrx_word' id='word_1_30' title='bbox 539 591 790 632; x_wconf 84' lang='lat' dir='ltr'>radicalibus</span> <span class='ocrx_word' id='word_1_31' title='bbox 822 592 983 632; x_wconf 88' lang='lat' dir='ltr'>ambitu</span> <span class='ocrx_word' id='word_1_32' title='bbox 1016 592 1458 643; x_wconf 82' lang='lat' dir='ltr'>oblongo-lanceolatis</span> <span class='ocrx_word' id='word_1_33' title='bbox 1484 592 1772 644; x_wconf 88' lang='lat' dir='ltr'>pinnatisectis</span> <span class='ocrx_word' id='word_1_34' title='bbox 1797 604 1888 644; x_wconf 89' lang='lat' dir='ltr'>seg-</span> 
     </span>
     <span class='ocr_line' id='line_1_7' title="bbox 318 643 1888 686; baseline 0.001 -2"><span class='ocrx_word' id='word_1_35' title='bbox 318 644 470 685; x_wconf 82' lang='lat' dir='ltr'>mentis</span> <span class='ocrx_word' id='word_1_36' title='bbox 490 645 600 684; x_wconf 90' lang='lat' dir='ltr'>senis</span> <span class='ocrx_word' id='word_1_37' title='bbox 621 655 713 685; x_wconf 90' lang='lat' dir='ltr'>cum</span> <span class='ocrx_word' id='word_1_38' title='bbox 733 644 943 685; x_wconf 85' lang='lat' dir='ltr'>terminali</span> <span class='ocrx_word' id='word_1_39' title='bbox 963 645 1017 685; x_wconf 91' lang='lat' dir='ltr'>im</span> <span class='ocrx_word' id='word_1_40' title='bbox 1051 644 1111 684; x_wconf 79' lang='lat' dir='ltr'>am’</span> <span class='ocrx_word' id='word_1_41' title='bbox 1132 655 1251 685; x_wconf 85' lang='lat' dir='ltr'>secus</span> <span class='ocrx_word' id='word_1_42' title='bbox 1265 643 1478 685; x_wconf 86' lang='lat' dir='ltr'>rachidem</span> <span class='ocrx_word' id='word_1_43' title='bbox 1493 644 1704 686; x_wconf 88' lang='lat' dir='ltr'>sessilibus</span> <span class='ocrx_word' id='word_1_44' title='bbox 1718 645 1888 686; x_wconf 90' lang='lat' dir='ltr'>remotis</span> 
     </span>
     <span class='ocr_line' id='line_1_8' title="bbox 318 696 1888 748; baseline 0.001 -11"><span class='ocrx_word' id='word_1_45' title='bbox 318 697 450 737; x_wconf 87' lang='lat' dir='ltr'>ovatis</span> <span class='ocrx_word' id='word_1_46' title='bbox 478 708 620 748; x_wconf 87' lang='lat' dir='ltr'>grosse</span> <span class='ocrx_word' id='word_1_47' title='bbox 649 696 848 744; x_wconf 86' lang='lat' dir='ltr'>dentatis,</span> <span class='ocrx_word' id='word_1_48' title='bbox 882 696 1023 737; x_wconf 90' lang='lat' dir='ltr'>umbel</span> <span class='ocrx_word' id='word_1_49' title='bbox 1042 697 1075 737; x_wconf 90' lang='lat' dir='ltr'>is</span> <span class='ocrx_word' id='word_1_50' title='bbox 1105 697 1194 738; x_wconf 85' lang='lat' dir='ltr'>aliis</span> <span class='ocrx_word' id='word_1_51' title='bbox 1227 697 1268 737; x_wconf 93' lang='lat' dir='ltr'>in</span> <span class='ocrx_word' id='word_1_52' title='bbox 1303 696 1564 738; x_wconf 86' lang='lat' dir='ltr'>dichotomiis</span> <span class='ocrx_word' id='word_1_53' title='bbox 1597 697 1888 738; x_wconf 87' lang='lat' dir='ltr'>subsessilibus</span> 
     </span>
     <span class='ocr_line' id='line_1_9' title="bbox 319 749 1888 802; baseline 0.001 -13"><span class='ocrx_word' id='word_1_54' title='bbox 319 749 617 801; x_wconf 85' lang='lat' dir='ltr'>(lepauperatis</span> <span class='ocrx_word' id='word_1_55' title='bbox 645 749 889 790; x_wconf 89' lang='lat' dir='ltr'>brevissime</span> <span class='ocrx_word' id='word_1_56' title='bbox 917 749 1216 802; x_wconf 83' lang='lat' dir='ltr'>pauciradiatis</span> <span class='ocrx_word' id='word_1_57' title='bbox 1242 749 1334 790; x_wconf 89' lang='lat' dir='ltr'>aliis</span> <span class='ocrx_word' id='word_1_58' title='bbox 1361 750 1650 790; x_wconf 81' lang='lat' dir='ltr'>terminalibus</span> <span class='ocrx_word' id='word_1_59' title='bbox 1676 750 1755 791; x_wconf 82' lang='lat' dir='ltr'>inae</span> <span class='ocrx_word' id='word_1_60' title='bbox 1786 750 1888 790; x_wconf 87' lang='lat' dir='ltr'>uali-</span> 
     </span>
     <span class='ocr_line' id='line_1_10' title="bbox 317 801 1886 862; baseline 0.001 -20"><span class='ocrx_word' id='word_1_61' title='bbox 317 807 383 842; x_wconf 87' lang='lat' dir='ltr'>ter</span> <span class='ocrx_word' id='word_1_62' title='bbox 422 801 722 843; x_wconf 81' lang='lat' dir='ltr'>6-12-1·adiatis</span> <span class='ocrx_word' id='word_1_63' title='bbox 762 803 1009 851; x_wconf 86' lang='lat' dir='ltr'>contractis,</span> <span class='ocrx_word' id='word_1_64' title='bbox 1051 803 1262 843; x_wconf 86' lang='lat' dir='ltr'>involucro</span> <span class='ocrx_word' id='word_1_65' title='bbox 1300 803 1428 847; x_wconf 82' lang='lat' dir='ltr'>nullo,</span> <span class='ocrx_word' id='word_1_66' title='bbox 1468 802 1700 844; x_wconf 89' lang='lat' dir='ltr'>involucelli</span> <span class='ocrx_word' id='word_1_67' title='bbox 1736 815 1762 854; x_wconf 88' lang='lat' dir='ltr'>p</span> <span class='ocrx_word' id='word_1_68' title='bbox 1795 802 1886 862; x_wconf 89' lang='lat' dir='ltr'>yllis</span> 
     </span>
     <span class='ocr_line' id='line_1_11' title="bbox 318 854 1888 907; baseline 0 -12"><span class='ocrx_word' id='word_1_69' title='bbox 318 854 487 896; x_wconf 86' lang='lat' dir='ltr'>deflexis</span> <span class='ocrx_word' id='word_1_70' title='bbox 508 855 692 895; x_wconf 88' lang='lat' dir='ltr'>breviter</span> <span class='ocrx_word' id='word_1_71' title='bbox 713 855 970 904; x_wconf 86' lang='lat' dir='ltr'>lanceolatis,</span> <span class='ocrx_word' id='word_1_72' title='bbox 993 855 1207 907; x_wconf 88' lang='lat' dir='ltr'>pedicellis</span> <span class='ocrx_word' id='word_1_73' title='bbox 1228 855 1424 896; x_wconf 89' lang='lat' dir='ltr'>tenuibus</span> <span class='ocrx_word' id='word_1_74' title='bbox 1452 854 1591 896; x_wconf 88' lang='lat' dir='ltr'>fructu</span> <span class='ocrx_word' id='word_1_75' title='bbox 1611 855 1888 896; x_wconf 85' lang='lat' dir='ltr'>subbreviori-</span> 
     </span>
     <span class='ocr_line' id='line_1_12' title="bbox 316 907 1886 960; baseline 0 -12"><span class='ocrx_word' id='word_1_76' title='bbox 316 907 408 955; x_wconf 86' lang='lat' dir='ltr'>bus,</span> <span class='ocrx_word' id='word_1_77' title='bbox 431 908 689 959; x_wconf 86' lang='lat' dir='ltr'>mericarpiis</span> <span class='ocrx_word' id='word_1_78' title='bbox 710 908 1058 959; x_wconf 87' lang='lat' dir='ltr'>ovato-oblongis,</span> <span class='ocrx_word' id='word_1_79' title='bbox 1081 909 1181 948; x_wconf 73' lang='lat' dir='ltr'>area</span> <span class='ocrx_word' id='word_1_80' title='bbox 1200 907 1375 948; x_wconf 86' lang='lat' dir='ltr'>centrali</span> <span class='ocrx_word' id='word_1_81' title='bbox 1396 908 1521 959; x_wconf 76' lang='lat' dir='ltr'>plana</span> <span class='ocrx_word' id='word_1_82' title='bbox 1544 920 1569 948; x_wconf 89' lang='lat' dir='ltr'>a</span> <span class='ocrx_word' id='word_1_83' title='bbox 1588 908 1777 960; x_wconf 82' lang='lat' dir='ltr'>margine</span> <span class='ocrx_word' id='word_1_84' title='bbox 1796 907 1886 948; x_wconf 86' lang='lat' dir='ltr'>fun·</span> 
     </span>
     <span class='ocr_line' id='line_1_13' title="bbox 317 960 1510 1013; baseline 0.001 -13"><span class='ocrx_word' id='word_1_85' title='bbox 317 972 416 1007; x_wconf 74' lang='lat' dir='ltr'>goso</span> <span class='ocrx_word' id='word_1_86' title='bbox 437 960 532 1001; x_wconf 90' lang='lat' dir='ltr'>albo</span> <span class='ocrx_word' id='word_1_87' title='bbox 554 960 767 1009; x_wconf 76' lang='lat' dir='ltr'>distincta,</span> <span class='ocrx_word' id='word_1_88' title='bbox 791 961 1063 1001; x_wconf 76' lang='lat' dir='ltr'>commissura</span> <span class='ocrx_word' id='word_1_89' title='bbox 1083 961 1281 1013; x_wconf 79' lang='lat' dir='ltr'>pruinosa</span> <span class='ocrx_word' id='word_1_90' title='bbox 1300 960 1427 1012; x_wconf 78' lang='lat' dir='ltr'>plana</span> <span class='ocrx_word' id='word_1_91' title='bbox 1452 964 1510 1007; x_wconf 69' lang='lat'>21.</span> 
     </span>
    </p>
   </div>
   <div class='ocr_carea' id='block_1_3' title="bbox 326 1031 1887 1318">
    <p class='ocr_par' dir='ltr' id='par_1_3' title="bbox 329 1031 1887 1121">
     <span class='ocr_line' id='line_1_14' title="bbox 375 1031 1887 1076; baseline 0 -11"><span class='ocrx_word' id='word_1_92' title='bbox 375 1032 468 1066; x_wconf 83' lang='lat' dir='ltr'>Hab.</span> <span class='ocrx_word' id='word_1_93' title='bbox 503 1033 537 1066; x_wconf 92' lang='lat' dir='ltr'>in</span> <span class='ocrx_word' id='word_1_94' title='bbox 573 1032 686 1076; x_wconf 70' lang='lat' dir='ltr'>syrim</span> <span class='ocrx_word' id='word_1_95' title='bbox 715 1032 873 1067; x_wconf 84' lang='lat' dir='ltr'>borealis</span> <span class='ocrx_word' id='word_1_96' title='bbox 909 1032 1063 1067; x_wconf 86' lang='lat' dir='ltr'>collibus</span> <span class='ocrx_word' id='word_1_97' title='bbox 1092 1033 1194 1067; x_wconf 88' lang='lat' dir='ltr'>siccis</span> <span class='ocrx_word' id='word_1_98' title='bbox 1221 1032 1267 1066; x_wconf 86' lang='lat' dir='ltr'>ad</span> <span class='ocrx_word' id='word_1_99' title='bbox 1301 1032 1509 1076; x_wconf 87' lang='lat' dir='ltr'>Kapukhan</span> <span class='ocrx_word' id='word_1_100' title='bbox 1541 1031 1686 1066; x_wconf 87' lang='lat' dir='ltr'>ditionis</span> <span class='ocrx_word' id='word_1_101' title='bbox 1718 1031 1887 1066; x_wconf 86' lang='lat' dir='ltr'>Marasch</span> 
     </span>
     <span class='ocr_line' id='line_1_15' title="bbox 329 1080 539 1121; baseline -0.005 -8"><span class='ocrx_word' id='word_1_102' title='bbox 329 1080 386 1121; x_wconf 89' lang='lat' dir='ltr'>(cl.</span> <span class='ocrx_word' id='word_1_103' title='bbox 410 1080 539 1118; x_wconf 81' lang='lat' dir='ltr'>Post!).</span> 
     </span>
    </p>

    <p class='ocr_par' dir='ltr' id='par_1_4' title="bbox 326 1142 1887 1318">
     <span class='ocr_line' id='line_1_16' title="bbox 375 1142 1887 1187; baseline 0.001 -11"><span class='ocrx_word' id='word_1_104' title='bbox 375 1143 504 1177; x_wconf 81' lang='lat' dir='ltr'>Caules</span> <span class='ocrx_word' id='word_1_105' title='bbox 525 1143 714 1187; x_wconf 80' lang='lat' dir='ltr'>bipedales</span> <span class='ocrx_word' id='word_1_106' title='bbox 742 1150 777 1177; x_wconf 89' lang='lat' dir='ltr'>et</span> <span class='ocrx_word' id='word_1_107' title='bbox 798 1143 980 1187; x_wconf 87' lang='lat' dir='ltr'>longiores</span> <span class='ocrx_word' id='word_1_108' title='bbox 1007 1143 1126 1187; x_wconf 87' lang='lat' dir='ltr'>rigidi,</span> <span class='ocrx_word' id='word_1_109' title='bbox 1153 1143 1242 1177; x_wconf 82' lang='lat' dir='ltr'>solia</span> <span class='ocrx_word' id='word_1_110' title='bbox 1266 1143 1301 1177; x_wconf 89' lang='lat' dir='ltr'>in</span> <span class='ocrx_word' id='word_1_111' title='bbox 1331 1147 1518 1186; x_wconf 87' lang='lat' dir='ltr'>segmenta</span> <span class='ocrx_word' id='word_1_112' title='bbox 1545 1143 1604 1175; x_wconf 80' lang='lat' dir='ltr'>S-9</span> <span class='ocrx_word' id='word_1_113' title='bbox 1636 1142 1751 1177; x_wconf 87' lang='lat' dir='ltr'>lineas</span> <span class='ocrx_word' id='word_1_114' title='bbox 1779 1142 1887 1186; x_wconf 82' lang='lat' dir='ltr'>longa</span> 
     </span>
     <span class='ocr_line' id='line_1_17' title="bbox 326 1189 1886 1233; baseline 0 -10"><span class='ocrx_word' id='word_1_115' title='bbox 326 1190 538 1233; x_wconf 86' lang='lat' dir='ltr'>simpliciter</span> <span class='ocrx_word' id='word_1_116' title='bbox 569 1191 823 1233; x_wconf 79' lang='lat' dir='ltr'>pinnatisecta,</span> <span class='ocrx_word' id='word_1_117' title='bbox 854 1191 1070 1233; x_wconf 86' lang='lat' dir='ltr'>mericarpia</span> <span class='ocrx_word' id='word_1_118' title='bbox 1099 1193 1119 1223; x_wconf 78' lang='lat'><strong>2</strong></span> <span class='ocrx_word' id='word_1_119' title='bbox 1147 1190 1262 1224; x_wconf 84' lang='lat' dir='ltr'>lineas</span> <span class='ocrx_word' id='word_1_120' title='bbox 1289 1190 1411 1233; x_wconf 85' lang='lat' dir='ltr'>longa.</span> <span class='ocrx_word' id='word_1_121' title='bbox 1438 1190 1593 1223; x_wconf 79' lang='lat' dir='ltr'>Fructus</span> <span class='ocrx_word' id='word_1_122' title='bbox 1614 1189 1886 1224; x_wconf 86' lang='lat' dir='ltr'>characteribus</span> 
     </span>
     <span class='ocr_line' id='line_1_18' title="bbox 327 1236 1886 1318; baseline 0.001 -48"><span class='ocrx_word' id='word_1_123' title='bbox 327 1236 693 1318; x_wconf 44' lang='lat' dir='ltr'>{litifiigsscligt&#39;irfgisswidi</span> <span class='ocrx_word' id='word_1_124' title='bbox 709 1236 804 1271; x_wconf 82' lang='lat' dir='ltr'>foliis</span> <span class='ocrx_word' id='word_1_125' title='bbox 826 1237 1114 1281; x_wconf 85' lang='lat' dir='ltr'>bipinnatisectis</span> <span class='ocrx_word' id='word_1_126' title='bbox 1136 1242 1171 1271; x_wconf 87' lang='lat' dir='ltr'>et</span> <span class='ocrx_word' id='word_1_127' title='bbox 1191 1238 1385 1281; x_wconf 84' lang='lat' dir='ltr'>segmentis</span> <span class='ocrx_word' id='word_1_128' title='bbox 1407 1237 1442 1270; x_wconf 89' lang='lat' dir='ltr'>in</span> <span class='ocrx_word' id='word_1_129' title='bbox 1463 1237 1614 1271; x_wconf 83' lang='lat' dir='ltr'>lacinias</span> <span class='ocrx_word' id='word_1_130' title='bbox 1632 1237 1787 1271; x_wconf 87' lang='lat' dir='ltr'>lineares</span> <span class='ocrx_word' id='word_1_131' title='bbox 1803 1246 1886 1281; x_wconf 83' lang='lat' dir='ltr'>par—</span> 
     </span>
    </p>

    <p class='ocr_par' dir='ltr' id='par_1_5' title="bbox 576 1305 617 1318">
     <span class='ocr_line' id='line_1_19' title="bbox 576 1305 617 1318; baseline -0.024 0"><span class='ocrx_word' id='word_1_132' title='bbox 576 1305 585 1318; x_wconf 82' lang='lat'><strong>(</strong></span> <span class='ocrx_word' id='word_1_133' title='bbox 612 1311 617 1317; x_wconf 77' lang='grc' dir='ltr'>ι</span> 
     </span>
    </p>
   </div>
   <div class='ocr_carea' id='block_1_4' title="bbox 211 1415 1090 1467">
    <p class='ocr_par' dir='ltr' id='par_1_6' title="bbox 211 1415 1090 1467">
     <span class='ocr_line' id='line_1_20' title="bbox 211 1415 1090 1467; baseline 0.001 -12"><span class='ocrx_word' id='word_1_134' title='bbox 211 1419 325 1463; x_wconf 92' lang='grc'>1011,</span> <span class='ocrx_word' id='word_1_135' title='bbox 356 1420 451 1467; x_wconf 87' lang='lat' dir='ltr'>post</span> <span class='ocrx_word' id='word_1_136' title='bbox 470 1416 518 1455; x_wconf 87' lang='lat' dir='ltr'>J.</span> <span class='ocrx_word' id='word_1_137' title='bbox 542 1415 905 1455; x_wconf 82' lang='lat' dir='ltr'>dichotomam</span> <span class='ocrx_word' id='word_1_138' title='bbox 925 1416 1062 1456; x_wconf 87' lang='lat' dir='ltr'>insere</span> <span class='ocrx_word' id='word_1_139' title='bbox 1083 1428 1090 1456; x_wconf 92' lang='lat'>:</span> 
     </span>
    </p>
   </div>
   <div class='ocr_carea' id='block_1_5' title="bbox 307 1499 1885 2297">
    <p class='ocr_par' dir='ltr' id='par_1_7' title="bbox 307 1499 1885 2183">
     <span class='ocr_line' id='line_1_21' title="bbox 365 1499 1880 1552; baseline 0 -12"><span class='ocrx_word' id='word_1_140' title='bbox 365 1501 408 1540; x_wconf 91' lang='lat' dir='ltr'>J.</span> <span class='ocrx_word' id='word_1_141' title='bbox 433 1500 653 1551; x_wconf 76' lang='lat' dir='ltr'>Enqleri</span> <span class='ocrx_word' id='word_1_142' title='bbox 675 1500 870 1551; x_wconf 88' lang='lat' dir='ltr'>(Dingler</span> <span class='ocrx_word' id='word_1_143' title='bbox 886 1500 927 1541; x_wconf 93' lang='lat' dir='ltr'>in</span> <span class='ocrx_word' id='word_1_144' title='bbox 947 1500 1072 1541; x_wconf 80' lang='lat' dir='ltr'>Flora</span> <span class='ocrx_word' id='word_1_145' title='bbox 1095 1503 1209 1547; x_wconf 77' lang='grc'>1883,</span> <span class='ocrx_word' id='word_1_146' title='bbox 1232 1512 1273 1552; x_wconf 88' lang='lat' dir='ltr'>p.</span> <span class='ocrx_word' id='word_1_147' title='bbox 1297 1499 1392 1551; x_wconf 86' lang='lat'>212)</span> <span class='ocrx_word' id='word_1_148' title='bbox 1420 1499 1569 1552; x_wconf 88' lang='lat' dir='ltr'>glabra</span> <span class='ocrx_word' id='word_1_149' title='bbox 1597 1500 1880 1552; x_wconf 87' lang='lat' dir='ltr'>glaucescens,</span> 
     </span>
     <span class='ocr_line' id='line_1_22' title="bbox 313 1551 1884 1600; baseline 0.001 -8"><span class='ocrx_word' id='word_1_150' title='bbox 313 1552 430 1593; x_wconf 87' lang='lat' dir='ltr'>caule</span> <span class='ocrx_word' id='word_1_151' title='bbox 451 1553 575 1593; x_wconf 87' lang='lat' dir='ltr'>tereti</span> <span class='ocrx_word' id='word_1_152' title='bbox 596 1553 746 1593; x_wconf 84' lang='lat' dir='ltr'>striato</span> <span class='ocrx_word' id='word_1_153' title='bbox 767 1566 792 1593; x_wconf 91' lang='lat' dir='ltr'>a</span> <span class='ocrx_word' id='word_1_154' title='bbox 820 1553 910 1594; x_wconf 86' lang='lat' dir='ltr'>basi</span> <span class='ocrx_word' id='word_1_155' title='bbox 933 1552 1169 1594; x_wconf 91' lang='lat' dir='ltr'>dichotome</span> <span class='ocrx_word' id='word_1_156' title='bbox 1197 1557 1239 1593; x_wconf 90' lang='lat' dir='ltr'>et</span> <span class='ocrx_word' id='word_1_157' title='bbox 1273 1553 1535 1594; x_wconf 88' lang='lat' dir='ltr'>divaricatim</span> <span class='ocrx_word' id='word_1_158' title='bbox 1568 1563 1746 1600; x_wconf 88' lang='lat' dir='ltr'>ramoso,</span> <span class='ocrx_word' id='word_1_159' title='bbox 1776 1551 1884 1593; x_wconf 86' lang='lat' dir='ltr'>foliis</span> 
     </span>
     <span class='ocr_line' id='line_1_23' title="bbox 313 1604 1883 1655; baseline 0 -10"><span class='ocrx_word' id='word_1_160' title='bbox 313 1605 634 1655; x_wconf 86' lang='lat' dir='ltr'>radicalibus...,</span> <span class='ocrx_word' id='word_1_161' title='bbox 665 1606 839 1646; x_wconf 85' lang='lat' dir='ltr'>caulinis</span> <span class='ocrx_word' id='word_1_162' title='bbox 866 1606 958 1646; x_wconf 87' lang='lat' dir='ltr'>imis</span> <span class='ocrx_word' id='word_1_163' title='bbox 979 1605 1141 1646; x_wconf 90' lang='lat' dir='ltr'>ambitu</span> <span class='ocrx_word' id='word_1_164' title='bbox 1167 1605 1289 1646; x_wconf 90' lang='lat' dir='ltr'>oblon</span> <span class='ocrx_word' id='word_1_165' title='bbox 1323 1605 1407 1646; x_wconf 90' lang='lat' dir='ltr'>o-la</span> <span class='ocrx_word' id='word_1_166' title='bbox 1439 1605 1610 1646; x_wconf 89' lang='lat' dir='ltr'>ceolatis</span> <span class='ocrx_word' id='word_1_167' title='bbox 1642 1605 1683 1645; x_wconf 94' lang='lat' dir='ltr'>in</span> <span class='ocrx_word' id='word_1_168' title='bbox 1712 1604 1883 1646; x_wconf 89' lang='lat' dir='ltr'>lacinias</span> 
     </span>
     <span class='ocr_line' id='line_1_24' title="bbox 315 1657 1885 1710; baseline 0 -12"><span class='ocrx_word' id='word_1_169' title='bbox 315 1658 745 1698; x_wconf 76' lang='lat' dir='ltr'>lanceolam-lineares</span> <span class='ocrx_word' id='word_1_170' title='bbox 759 1659 1064 1710; x_wconf 86' lang='lat' dir='ltr'>pinnatisectis,</span> <span class='ocrx_word' id='word_1_171' title='bbox 1083 1658 1246 1699; x_wconf 87' lang='lat' dir='ltr'>caeteris</span> <span class='ocrx_word' id='word_1_172' title='bbox 1264 1671 1288 1699; x_wconf 86' lang='lat' dir='ltr'>a</span> <span class='ocrx_word' id='word_1_173' title='bbox 1333 1670 1412 1710; x_wconf 85' lang='lat' dir='ltr'>vag</span> <span class='ocrx_word' id='word_1_174' title='bbox 1460 1657 1775 1698; x_wconf 85' lang='lat' dir='ltr'>aslanceolatas</span> <span class='ocrx_word' id='word_1_175' title='bbox 1789 1668 1885 1698; x_wconf 86' lang='lat' dir='ltr'>acu-</span> 
     </span>
     <span class='ocr_line' id='line_1_25' title="bbox 312 1710 1879 1763; baseline 0.001 -13"><span class='ocrx_word' id='word_1_176' title='bbox 312 1711 493 1751; x_wconf 85' lang='lat' dir='ltr'>minatas</span> <span class='ocrx_word' id='word_1_177' title='bbox 531 1710 738 1759; x_wconf 76' lang='lat' dir='ltr'>reductis,</span> <span class='ocrx_word' id='word_1_178' title='bbox 776 1711 968 1751; x_wconf 89' lang='lat' dir='ltr'>umbellis</span> <span class='ocrx_word' id='word_1_179' title='bbox 1006 1711 1269 1763; x_wconf 83' lang='lat' dir='ltr'>inaequaliter</span> <span class='ocrx_word' id='word_1_180' title='bbox 1303 1715 1347 1752; x_wconf 92' lang='lat' dir='ltr'>et</span> <span class='ocrx_word' id='word_1_181' title='bbox 1382 1711 1568 1752; x_wconf 86' lang='lat' dir='ltr'>breviter</span> <span class='ocrx_word' id='word_1_182' title='bbox 1602 1710 1879 1759; x_wconf 84' lang='lat' dir='ltr'>4-5-1·adiatis,</span> 
     </span>
     <span class='ocr_line' id='line_1_26' title="bbox 311 1762 1884 1816; baseline 0 -13"><span class='ocrx_word' id='word_1_183' title='bbox 311 1763 548 1804; x_wconf 88' lang='lat' dir='ltr'>umbellulis</span> <span class='ocrx_word' id='word_1_184' title='bbox 569 1762 810 1812; x_wconf 81' lang='lat' dir='ltr'>6-12-floris,</span> <span class='ocrx_word' id='word_1_185' title='bbox 830 1764 1042 1804; x_wconf 90' lang='lat' dir='ltr'>involucro</span> <span class='ocrx_word' id='word_1_186' title='bbox 1064 1764 1189 1813; x_wconf 86' lang='lat' dir='ltr'>nullo,</span> <span class='ocrx_word' id='word_1_187' title='bbox 1207 1763 1440 1805; x_wconf 90' lang='lat' dir='ltr'>involucelli</span> <span class='ocrx_word' id='word_1_188' title='bbox 1461 1763 1611 1816; x_wconf 87' lang='lat' dir='ltr'>phyllis</span> <span class='ocrx_word' id='word_1_189' title='bbox 1632 1767 1698 1804; x_wconf 83' lang='lat'>5-7</span> <span class='ocrx_word' id='word_1_190' title='bbox 1718 1763 1884 1804; x_wconf 88' lang='lat' dir='ltr'>lineari-</span> 
     </span>
     <span class='ocr_line' id='line_1_27' title="bbox 310 1815 1882 1869; baseline 0 -13"><span class='ocrx_word' id='word_1_191' title='bbox 310 1817 486 1856; x_wconf 84' lang='lat' dir='ltr'>setaceis</span> <span class='ocrx_word' id='word_1_192' title='bbox 506 1816 729 1868; x_wconf 88' lang='lat' dir='ltr'>pedicellos</span> <span class='ocrx_word' id='word_1_193' title='bbox 750 1816 896 1857; x_wconf 87' lang='lat' dir='ltr'>breves</span> <span class='ocrx_word' id='word_1_194' title='bbox 923 1816 1314 1869; x_wconf 87' lang='lat' dir='ltr'>subsuperantibus,</span> <span class='ocrx_word' id='word_1_195' title='bbox 1346 1817 1495 1869; x_wconf 87' lang='lat' dir='ltr'>petalis</span> <span class='ocrx_word' id='word_1_196' title='bbox 1528 1816 1708 1865; x_wconf 84' lang='lat' dir='ltr'>luteolis,</span> <span class='ocrx_word' id='word_1_197' title='bbox 1743 1815 1882 1856; x_wconf 88' lang='lat' dir='ltr'>fructu</span> 
     </span>
     <span class='ocr_line' id='line_1_28' title="bbox 311 1869 1882 1923; baseline 0.001 -15"><span class='ocrx_word' id='word_1_198' title='bbox 311 1869 489 1921; x_wconf 85' lang='lat' dir='ltr'>oblongo</span> <span class='ocrx_word' id='word_1_199' title='bbox 519 1881 645 1921; x_wconf 85' lang='lat' dir='ltr'>parvo</span> <span class='ocrx_word' id='word_1_200' title='bbox 678 1869 838 1911; x_wconf 86' lang='lat' dir='ltr'>inferne</span> <span class='ocrx_word' id='word_1_201' title='bbox 870 1882 895 1910; x_wconf 88' lang='lat' dir='ltr'>a</span> <span class='ocrx_word' id='word_1_202' title='bbox 930 1869 1054 1911; x_wconf 90' lang='lat' dir='ltr'>dorso</span> <span class='ocrx_word' id='word_1_203' title='bbox 1086 1881 1266 1923; x_wconf 88' lang='lat' dir='ltr'>superne</span> <span class='ocrx_word' id='word_1_204' title='bbox 1297 1873 1438 1911; x_wconf 89' lang='lat' dir='ltr'>autem</span> <span class='ocrx_word' id='word_1_205' title='bbox 1472 1882 1497 1910; x_wconf 92' lang='lat' dir='ltr'>a</span> <span class='ocrx_word' id='word_1_206' title='bbox 1528 1869 1661 1910; x_wconf 86' lang='lat' dir='ltr'>latere</span> <span class='ocrx_word' id='word_1_207' title='bbox 1691 1869 1882 1910; x_wconf 87' lang='lat' dir='ltr'>subcom—</span> 
     </span>
     <span class='ocr_line' id='line_1_29' title="bbox 308 1922 1881 1975; baseline -0.001 -12"><span class='ocrx_word' id='word_1_208' title='bbox 308 1934 466 1974; x_wconf 86' lang='lat' dir='ltr'>presso,</span> <span class='ocrx_word' id='word_1_209' title='bbox 498 1923 730 1975; x_wconf 84' lang='lat' dir='ltr'>pericarpio</span> <span class='ocrx_word' id='word_1_210' title='bbox 751 1934 890 1965; x_wconf 87' lang='lat' dir='ltr'>crasso</span> <span class='ocrx_word' id='word_1_211' title='bbox 911 1922 1102 1975; x_wconf 87' lang='lat' dir='ltr'>fungoso,</span> <span class='ocrx_word' id='word_1_212' title='bbox 1125 1923 1314 1975; x_wconf 86' lang='lat' dir='ltr'>margine</span> <span class='ocrx_word' id='word_1_213' title='bbox 1334 1922 1474 1964; x_wconf 90' lang='lat' dir='ltr'>albido</span> <span class='ocrx_word' id='word_1_214' title='bbox 1489 1923 1720 1963; x_wconf 87' lang='lat' dir='ltr'>incrassato</span> <span class='ocrx_word' id='word_1_215' title='bbox 1741 1934 1881 1963; x_wconf 85' lang='lat' dir='ltr'>aream</span> 
     </span>
     <span class='ocr_line' id='line_1_30' title="bbox 309 1973 1882 2028; baseline -0.001 -12"><span class='ocrx_word' id='word_1_216' title='bbox 309 1975 725 2028; x_wconf 82' lang='lat' dir='ltr'>subquadrangulam</span> <span class='ocrx_word' id='word_1_217' title='bbox 754 1976 878 2028; x_wconf 89' lang='lat' dir='ltr'>duplo</span> <span class='ocrx_word' id='word_1_218' title='bbox 898 1976 1090 2017; x_wconf 86' lang='lat' dir='ltr'>latiorem</span> <span class='ocrx_word' id='word_1_219' title='bbox 1112 1977 1320 2028; x_wconf 82' lang='lat' dir='ltr'>cingente,</span> <span class='ocrx_word' id='word_1_220' title='bbox 1339 1976 1452 2027; x_wconf 89' lang='lat' dir='ltr'>jugis</span> <span class='ocrx_word' id='word_1_221' title='bbox 1473 1975 1655 2027; x_wconf 84' lang='lat' dir='ltr'>quinque</span> <span class='ocrx_word' id='word_1_222' title='bbox 1682 1973 1882 2015; x_wconf 87' lang='lat' dir='ltr'>filiformi-</span> 
     </span>
     <span class='ocr_line' id='line_1_31' title="bbox 307 2027 1882 2081; baseline -0.001 -12"><span class='ocrx_word' id='word_1_223' title='bbox 307 2029 384 2070; x_wconf 88' lang='lat' dir='ltr'>bus</span> <span class='ocrx_word' id='word_1_224' title='bbox 413 2029 608 2070; x_wconf 85' lang='lat' dir='ltr'>vittiferis</span> <span class='ocrx_word' id='word_1_225' title='bbox 635 2029 832 2070; x_wconf 85' lang='lat' dir='ltr'>tenuibus</span> <span class='ocrx_word' id='word_1_226' title='bbox 861 2029 1053 2070; x_wconf 88' lang='lat' dir='ltr'>omnibus</span> <span class='ocrx_word' id='word_1_227' title='bbox 1085 2029 1417 2081; x_wconf 89' lang='lat' dir='ltr'>superficialibus</span> <span class='ocrx_word' id='word_1_228' title='bbox 1448 2028 1609 2069; x_wconf 92' lang='lat' dir='ltr'>duobus</span> <span class='ocrx_word' id='word_1_229' title='bbox 1636 2027 1882 2068; x_wconf 87' lang='lat' dir='ltr'>lateralibus</span> 
     </span>
     <span class='ocr_line' id='line_1_32' title="bbox 307 2081 1884 2130; baseline -0.002 -7"><span class='ocrx_word' id='word_1_230' title='bbox 307 2081 524 2123; x_wconf 81' lang='lat' dir='ltr'>subdistan</span> <span class='ocrx_word' id='word_1_231' title='bbox 532 2082 643 2123; x_wconf 88' lang='lat' dir='ltr'>tibus</span> <span class='ocrx_word' id='word_1_232' title='bbox 661 2083 943 2123; x_wconf 81' lang='lat' dir='ltr'>commissurae</span> <span class='ocrx_word' id='word_1_233' title='bbox 957 2082 1116 2130; x_wconf 87' lang='lat' dir='ltr'>vicinis,</span> <span class='ocrx_word' id='word_1_234' title='bbox 1133 2082 1345 2123; x_wconf 86' lang='lat' dir='ltr'>valleculis</span> <span class='ocrx_word' id='word_1_235' title='bbox 1360 2085 1403 2123; x_wconf 93' lang='lat' dir='ltr'>et</span> <span class='ocrx_word' id='word_1_236' title='bbox 1417 2081 1689 2122; x_wconf 75' lang='lat' dir='ltr'>commissura</span> <span class='ocrx_word' id='word_1_237' title='bbox 1702 2081 1884 2121; x_wconf 77' lang='lat' dir='ltr'>concava</span> 
     </span>
     <span class='ocr_line' id='line_1_33' title="bbox 308 2136 656 2183; baseline 0 -8"><span class='ocrx_word' id='word_1_238' title='bbox 308 2147 388 2175; x_wconf 88' lang='lat' dir='ltr'>non</span> <span class='ocrx_word' id='word_1_239' title='bbox 410 2136 572 2175; x_wconf 86' lang='lat' dir='ltr'>vittatis</span> <span class='ocrx_word' id='word_1_240' title='bbox 593 2138 656 2183; x_wconf 92' lang='grc' dir='ltr'>Θ.</span> 
     </span>
    </p>

    <p class='ocr_par' dir='ltr' id='par_1_8' title="bbox 319 2204 1880 2297">
     <span class='ocr_line' id='line_1_34' title="bbox 365 2204 1880 2287; baseline -0.001 -47"><span class='ocrx_word' id='word_1_241' title='bbox 365 2206 458 2240; x_wconf 88' lang='lat' dir='ltr'>Hab.</span> <span class='ocrx_word' id='word_1_242' title='bbox 480 2207 574 2287; x_wconf 63' lang='lat' dir='ltr'>ilnter</span> <span class='ocrx_word' id='word_1_243' title='bbox 595 2207 754 2251; x_wconf 86' lang='lat' dir='ltr'>virgulta</span> <span class='ocrx_word' id='word_1_244' title='bbox 776 2207 812 2241; x_wconf 91' lang='lat' dir='ltr'>in</span> <span class='ocrx_word' id='word_1_245' title='bbox 841 2206 1016 2250; x_wconf 86' lang='lat' dir='ltr'>lapidosis</span> <span class='ocrx_word' id='word_1_246' title='bbox 1040 2207 1221 2241; x_wconf 87' lang='lat' dir='ltr'>montanis</span> <span class='ocrx_word' id='word_1_247' title='bbox 1242 2206 1288 2240; x_wconf 83' lang='lat' dir='ltr'>ad</span> <span class='ocrx_word' id='word_1_248' title='bbox 1309 2205 1471 2250; x_wconf 84' lang='lat' dir='ltr'>Biledjik</span> <span class='ocrx_word' id='word_1_249' title='bbox 1499 2205 1679 2250; x_wconf 77' lang='lat' dir='ltr'>Bithyniae</span> <span class='ocrx_word' id='word_1_250' title='bbox 1701 2204 1880 2248; x_wconf 87' lang='lat' dir='ltr'>(Dingler)</span> 
     </span>
     <span class='ocr_line' id='line_1_35' title="bbox 319 2254 536 2297; baseline 0 -10"><span class='ocrx_word' id='word_1_251' title='bbox 319 2254 415 2297; x_wconf 77' lang='lat' dir='ltr'>(Non</span> <span class='ocrx_word' id='word_1_252' title='bbox 437 2255 485 2287; x_wconf 80' lang='lat' dir='ltr'>vi(</span> <span class='ocrx_word' id='word_1_253' title='bbox 500 2254 536 2296; x_wconf 90' lang='lat' dir='ltr'>i).</span> 
     </span>
    </p>
   </div>
   <div class='ocr_carea' id='block_1_6' title="bbox 318 2317 1882 2494">
    <p class='ocr_par' dir='ltr' id='par_1_9' title="bbox 318 2317 1882 2494">
     <span class='ocr_line' id='line_1_36' title="bbox 365 2317 1882 2362; baseline -0.002 -9"><span class='ocrx_word' id='word_1_254' title='bbox 365 2319 505 2362; x_wconf 85' lang='lat' dir='ltr'>Sesqui-</span> <span class='ocrx_word' id='word_1_255' title='bbox 526 2319 582 2352; x_wconf 86' lang='lat' dir='ltr'>vel</span> <span class='ocrx_word' id='word_1_256' title='bbox 603 2318 794 2362; x_wconf 88' lang='lat' dir='ltr'>bipedalis.</span> <span class='ocrx_word' id='word_1_257' title='bbox 818 2317 949 2352; x_wconf 89' lang='lat' dir='ltr'>Affinis</span> <span class='ocrx_word' id='word_1_258' title='bbox 977 2319 1012 2353; x_wconf 88' lang='lat' dir='ltr'>J.</span> <span class='ocrx_word' id='word_1_259' title='bbox 1032 2318 1241 2353; x_wconf 77' lang='lat' dir='ltr'>dichotomoe</span> <span class='ocrx_word' id='word_1_260' title='bbox 1267 2328 1288 2351; x_wconf 91' lang='lat' dir='ltr'>a</span> <span class='ocrx_word' id='word_1_261' title='bbox 1309 2319 1380 2361; x_wconf 76' lang='lat' dir='ltr'>qua</span> <span class='ocrx_word' id='word_1_262' title='bbox 1409 2317 1588 2351; x_wconf 85' lang='lat' dir='ltr'>fructibus</span> <span class='ocrx_word' id='word_1_263' title='bbox 1607 2317 1753 2351; x_wconf 88' lang='lat' dir='ltr'>minutis</span> <span class='ocrx_word' id='word_1_264' title='bbox 1775 2322 1882 2360; x_wconf 88' lang='lat' dir='ltr'>parte</span> 
     </span>
     <span class='ocr_line' id='line_1_37' title="bbox 320 2362 1879 2410; baseline -0.001 -11"><span class='ocrx_word' id='word_1_265' title='bbox 320 2367 507 2410; x_wconf 85' lang='lat' dir='ltr'>superiore</span> <span class='ocrx_word' id='word_1_266' title='bbox 527 2376 548 2400; x_wconf 85' lang='lat' dir='ltr'>a</span> <span class='ocrx_word' id='word_1_267' title='bbox 570 2365 685 2399; x_wconf 77' lang='lat' dir='ltr'>latere</span> <span class='ocrx_word' id='word_1_268' title='bbox 706 2366 990 2409; x_wconf 86' lang='lat' dir='ltr'>subcompressis</span> <span class='ocrx_word' id='word_1_269' title='bbox 1011 2371 1046 2399; x_wconf 87' lang='lat' dir='ltr'>et</span> <span class='ocrx_word' id='word_1_270' title='bbox 1062 2366 1161 2409; x_wconf 76' lang='lat' dir='ltr'>jugis</span> <span class='ocrx_word' id='word_1_271' title='bbox 1188 2365 1403 2399; x_wconf 82' lang='lat' dir='ltr'>lateralibus</span> <span class='ocrx_word' id='word_1_272' title='bbox 1428 2364 1521 2398; x_wconf 90' lang='lat' dir='ltr'>binis</span> <span class='ocrx_word' id='word_1_273' title='bbox 1545 2363 1724 2398; x_wconf 87' lang='lat' dir='ltr'>distinctis</span> <span class='ocrx_word' id='word_1_274' title='bbox 1748 2362 1879 2398; x_wconf 86' lang='lat' dir='ltr'>differt.</span> 
     </span>
     <span class='ocr_line' id='line_1_38' title="bbox 318 2409 1880 2494; baseline -0.002 -47"><span class='ocrx_word' id='word_1_275' title='bbox 318 2414 641 2494; x_wconf 45' lang='lat' dir='ltr'>tln&#39;gllizqilli&#39;zrli11‘tl&#39;</span> <span class='ocrx_word' id='word_1_276' title='bbox 667 2413 792 2448; x_wconf 74' lang='lat' dir='ltr'>Groeca</span> <span class='ocrx_word' id='word_1_277' title='bbox 812 2415 899 2447; x_wconf 75' lang='lat' dir='ltr'>area</span> <span class='ocrx_word' id='word_1_278' title='bbox 921 2413 1075 2447; x_wconf 87' lang='lat' dir='ltr'>centrali</span> <span class='ocrx_word' id='word_1_279' title='bbox 1096 2412 1141 2446; x_wconf 92' lang='lat' dir='ltr'>ob</span> <span class='ocrx_word' id='word_1_280' title='bbox 1162 2413 1405 2456; x_wconf 85' lang='lat' dir='ltr'>pericarpium</span> <span class='ocrx_word' id='word_1_281' title='bbox 1426 2416 1542 2445; x_wconf 87' lang='lat' dir='ltr'>totum</span> <span class='ocrx_word' id='word_1_282' title='bbox 1564 2410 1754 2455; x_wconf 89' lang='lat' dir='ltr'>fungosum</span> <span class='ocrx_word' id='word_1_283' title='bbox 1772 2409 1880 2445; x_wconf 86' lang='lat' dir='ltr'>indis·</span> 
     </span>
    </p>
   </div>
   <div class='ocr_carea' id='block_1_7' title="bbox 201 2605 1015 2657">
    <p class='ocr_par' dir='ltr' id='par_1_10' title="bbox 201 2605 1015 2657">
     <span class='ocr_line' id='line_1_39' title="bbox 201 2605 1015 2657; baseline -0.001 -11"><span class='ocrx_word' id='word_1_284' title='bbox 201 2608 317 2654; x_wconf 81' lang='lat'>1012,</span> <span class='ocrx_word' id='word_1_285' title='bbox 348 2610 444 2657; x_wconf 89' lang='lat' dir='ltr'>post</span> <span class='ocrx_word' id='word_1_286' title='bbox 463 2606 513 2647; x_wconf 85' lang='lat' dir='ltr'>J.</span> <span class='ocrx_word' id='word_1_287' title='bbox 537 2605 827 2656; x_wconf 81' lang='lat' dir='ltr'>Beryteam</span> <span class='ocrx_word' id='word_1_288' title='bbox 848 2605 985 2645; x_wconf 90' lang='lat' dir='ltr'>insere</span> <span class='ocrx_word' id='word_1_289' title='bbox 1007 2617 1015 2644; x_wconf 91' lang='lat'>:</span> 
     </span>
    </p>
   </div>
   <div class='ocr_carea' id='block_1_8' title="bbox 301 2689 1877 3061">
    <p class='ocr_par' dir='ltr' id='par_1_11' title="bbox 301 2689 1877 3061">
     <span class='ocr_line' id='line_1_40' title="bbox 357 2689 1875 2744; baseline -0.002 -11"><span class='ocrx_word' id='word_1_290' title='bbox 357 2694 406 2733; x_wconf 86' lang='lat' dir='ltr'>J.</span> <span class='ocrx_word' id='word_1_291' title='bbox 431 2693 685 2740; x_wconf 88' lang='lat' dir='ltr'>Pichleri,</span> <span class='ocrx_word' id='word_1_292' title='bbox 709 2692 857 2744; x_wconf 87' lang='lat' dir='ltr'>glabra</span> <span class='ocrx_word' id='word_1_293' title='bbox 876 2691 1032 2744; x_wconf 87' lang='lat' dir='ltr'>pallide</span> <span class='ocrx_word' id='word_1_294' title='bbox 1046 2692 1198 2740; x_wconf 88' lang='lat' dir='ltr'>virens,</span> <span class='ocrx_word' id='word_1_295' title='bbox 1217 2690 1334 2732; x_wconf 89' lang='lat' dir='ltr'>caule</span> <span class='ocrx_word' id='word_1_296' title='bbox 1355 2690 1470 2731; x_wconf 87' lang='lat' dir='ltr'>tenui</span> <span class='ocrx_word' id='word_1_297' title='bbox 1485 2689 1663 2741; x_wconf 85' lang='lat' dir='ltr'>rigidulo</span> <span class='ocrx_word' id='word_1_298' title='bbox 1678 2689 1875 2737; x_wconf 84' lang='lat' dir='ltr'>flexuoso,</span> 
     </span>
     <span class='ocr_line' id='line_1_41' title="bbox 303 2742 1877 2796; baseline -0.002 -11"><span class='ocrx_word' id='word_1_299' title='bbox 303 2745 410 2786; x_wconf 85' lang='lat' dir='ltr'>foliis</span> <span class='ocrx_word' id='word_1_300' title='bbox 431 2745 684 2786; x_wconf 85' lang='lat' dir='ltr'>radicalibus</span> <span class='ocrx_word' id='word_1_301' title='bbox 705 2749 747 2785; x_wconf 90' lang='lat' dir='ltr'>et</span> <span class='ocrx_word' id='word_1_302' title='bbox 768 2744 920 2785; x_wconf 91' lang='lat' dir='ltr'>infimis</span> <span class='ocrx_word' id='word_1_303' title='bbox 950 2744 1162 2796; x_wconf 85' lang='lat' dir='ltr'>petiolatis</span> <span class='ocrx_word' id='word_1_304' title='bbox 1189 2743 1350 2784; x_wconf 90' lang='lat' dir='ltr'>ambitu</span> <span class='ocrx_word' id='word_1_305' title='bbox 1382 2743 1570 2794; x_wconf 86' lang='lat' dir='ltr'>oblongis</span> <span class='ocrx_word' id='word_1_306' title='bbox 1601 2742 1809 2794; x_wconf 86' lang='lat' dir='ltr'>pinnatim</span> <span class='ocrx_word' id='word_1_307' title='bbox 1834 2747 1877 2782; x_wconf 90' lang='lat' dir='ltr'>et</span> 
     </span>
     <span class='ocr_line' id='line_1_42' title="bbox 302 2795 1875 2850; baseline -0.003 -11"><span class='ocrx_word' id='word_1_308' title='bbox 302 2798 553 2850; x_wconf 87' lang='lat' dir='ltr'>bipinnatim</span> <span class='ocrx_word' id='word_1_309' title='bbox 567 2799 736 2850; x_wconf 84' lang='lat' dir='ltr'>partitis</span> <span class='ocrx_word' id='word_1_310' title='bbox 757 2798 984 2849; x_wconf 89' lang='lat' dir='ltr'>segmentis</span> <span class='ocrx_word' id='word_1_311' title='bbox 999 2798 1132 2837; x_wconf 88' lang='lat' dir='ltr'>ovatis</span> <span class='ocrx_word' id='word_1_312' title='bbox 1153 2796 1206 2836; x_wconf 80' lang='lat' dir='ltr'>ad</span> <span class='ocrx_word' id='word_1_313' title='bbox 1227 2796 1289 2837; x_wconf 91' lang='lat' dir='ltr'>vel</span> <span class='ocrx_word' id='word_1_314' title='bbox 1310 2796 1423 2836; x_wconf 86' lang='lat' dir='ltr'>ultra</span> <span class='ocrx_word' id='word_1_315' title='bbox 1439 2795 1622 2836; x_wconf 90' lang='lat' dir='ltr'>medium</span> <span class='ocrx_word' id='word_1_316' title='bbox 1642 2795 1684 2836; x_wconf 90' lang='lat' dir='ltr'>in</span> <span class='ocrx_word' id='word_1_317' title='bbox 1704 2795 1875 2836; x_wconf 85' lang='lat' dir='ltr'>lacinias</span> 
     </span>
     <span class='ocr_line' id='line_1_43' title="bbox 303 2848 1873 2904; baseline -0.003 -13"><span class='ocrx_word' id='word_1_318' title='bbox 303 2851 504 2904; x_wconf 84' lang='lat' dir='ltr'>oblongas</span> <span class='ocrx_word' id='word_1_319' title='bbox 524 2850 805 2891; x_wconf 83' lang='lat' dir='ltr'>acutiusculas</span> <span class='ocrx_word' id='word_1_320' title='bbox 825 2850 965 2898; x_wconf 80' lang='lat' dir='ltr'>sectis,</span> <span class='ocrx_word' id='word_1_321' title='bbox 989 2849 1095 2890; x_wconf 87' lang='lat' dir='ltr'>foliis</span> <span class='ocrx_word' id='word_1_322' title='bbox 1116 2849 1399 2901; x_wconf 89' lang='lat' dir='ltr'>superioribus</span> <span class='ocrx_word' id='word_1_323' title='bbox 1420 2848 1473 2888; x_wconf 86' lang='lat' dir='ltr'>ad</span> <span class='ocrx_word' id='word_1_324' title='bbox 1493 2848 1686 2900; x_wconf 88' lang='lat' dir='ltr'>vaginam</span> <span class='ocrx_word' id='word_1_325' title='bbox 1703 2859 1873 2900; x_wconf 87' lang='lat' dir='ltr'>parvam</span> 
     </span>
     <span class='ocr_line' id='line_1_44' title="bbox 302 2901 1875 2955; baseline -0.003 -11"><span class='ocrx_word' id='word_1_326' title='bbox 302 2903 504 2944; x_wconf 84' lang='lat' dir='ltr'>lacinulas</span> <span class='ocrx_word' id='word_1_327' title='bbox 537 2914 692 2955; x_wconf 87' lang='lat' dir='ltr'>paucas</span> <span class='ocrx_word' id='word_1_328' title='bbox 727 2902 1000 2944; x_wconf 87' lang='lat' dir='ltr'>dentiformes</span> <span class='ocrx_word' id='word_1_329' title='bbox 1032 2901 1241 2943; x_wconf 85' lang='lat' dir='ltr'>confertas</span> <span class='ocrx_word' id='word_1_330' title='bbox 1274 2901 1477 2942; x_wconf 85' lang='lat' dir='ltr'>ferentem</span> <span class='ocrx_word' id='word_1_331' title='bbox 1510 2901 1708 2949; x_wconf 86' lang='lat' dir='ltr'>reductis,</span> <span class='ocrx_word' id='word_1_332' title='bbox 1749 2901 1875 2941; x_wconf 90' lang='lat' dir='ltr'>ramis</span> 
     </span>
     <span class='ocr_line' id='line_1_45' title="bbox 301 2952 1875 3012; baseline -0.003 -15"><span class='ocrx_word' id='word_1_333' title='bbox 301 2956 499 2997; x_wconf 84' lang='lat' dir='ltr'>brevibus</span> <span class='ocrx_word' id='word_1_334' title='bbox 537 2955 727 3003; x_wconf 77' lang='lat' dir='ltr'>rigidulis</span> <span class='ocrx_word' id='word_1_335' title='bbox 760 2955 997 3007; x_wconf 89' lang='lat' dir='ltr'>paniculam</span> <span class='ocrx_word' id='word_1_336' title='bbox 1034 2954 1317 3007; x_wconf 83' lang='lat' dir='ltr'>tliyrsoideam</span> <span class='ocrx_word' id='word_1_337' title='bbox 1357 2953 1648 3002; x_wconf 85' lang='lat' dir='ltr'>formantibus,</span> <span class='ocrx_word' id='word_1_338' title='bbox 1682 2952 1875 3012; x_wconf 67' lang='lat' dir='ltr'>umbellsae</span> 
     </span>
     <span class='ocr_line' id='line_1_46' title="bbox 302 3005 1874 3061; baseline -0.003 -12"><span class='ocrx_word' id='word_1_339' title='bbox 302 3022 442 3061; x_wconf 68' lang='lat' dir='ltr'>parvae</span> <span class='ocrx_word' id='word_1_340' title='bbox 477 3009 605 3049; x_wconf 85' lang='lat' dir='ltr'>radiis</span> <span class='ocrx_word' id='word_1_341' title='bbox 638 3012 704 3049; x_wconf 80' lang='grc'>5-9</span> <span class='ocrx_word' id='word_1_342' title='bbox 738 3008 1107 3060; x_wconf 75' lang='lat' dir='ltr'>subinaequalibus,</span> <span class='ocrx_word' id='word_1_343' title='bbox 1143 3007 1343 3048; x_wconf 87' lang='lat' dir='ltr'>involucri</span> <span class='ocrx_word' id='word_1_344' title='bbox 1378 3006 1694 3058; x_wconf 89' lang='lat' dir='ltr'>involucellique</span> <span class='ocrx_word' id='word_1_345' title='bbox 1724 3005 1874 3058; x_wconf 85' lang='lat' dir='ltr'>phyllls</span> 
     </span>
    </p>
   </div>
  </div>
 </body>
</html>
