2094 3351
197 210 267 246 318

196 290 266 325 Pag.

931 220 1155 244 comosum.
1684 209 1853 245 Ainsliaea
1863 239 1871 247 .

356 344 414 382 A.
451 347 639 393 aptera
673 343 759 394 (Dc.
797 341 942 382 prodr.
975 341 1068 387 VH,
1107 343 1172 389 14)
1209 341 1439 382 rhizomate
1470 341 1648 393 oblongo
1681 345 1876 383 truncato

304 394 548 443 fibrillifero,
573 394 678 435 foliis
701 395 892 435 omuibus
913 394 1166 434 radiculibus
1187 395 1340 434 villosis
1369 394 1489 446 longe
1515 395 1727 445 petiolatis
1748 395 1877 435 trian-

302 448 517 498 gularibus
552 448 615 488 vel
652 446 1081 488 orbiculari-cordatis
1118 447 1251 487 acutis
1289 448 1641 495 sinuato-lobatis,
1683 447 1876 499 capitulis

305 501 490 541 breviter
520 501 812 552 pciluiiculatis
846 500 1043 540 solitariis
1065 500 1125 540 vel
1152 500 1301 540 2-5-3-1iis
1335 501 1373 540 in
1408 500 1567 551 spicam
1597 501 1879 552 interruptam

303 553 364 594 vel
388 554 624 605 paniculum
647 553 873 605 dispositis,
898 552 1082 593 acheiiiis
1103 552 1278 593 obscure
1299 553 1459 593 striatis
1487 556 1545 598 21.

366 623 459 657 Hab.
490 625 524 658 in
551 624 650 658 silvis
672 623 827 658 humidis
848 622 1022 658 Shendtoi
1043 623 1148 657 vallis
1175 623 1312 657 liuram
1339 622 1545 667 Affglianiae
1575 624 1717 657 8-9000‘
1743 623 1880 666 (Aitch.

319 672 432 713 399!).

365 733 432 767 Ar.
458 732 599 776 Geogr.
623 734 737 778 Regio
758 733 961 768 Himalaica
982 738 1198 776 temperata.

443 882 678 933 PERTYA
705 883 910 949 (Schultz
938 883 1033 946 Bip.
1062 883 1217 946 Bonpl.
1253 884 1400 945 1862,
1426 900 1468 947 p.
1503 882 1639 947 109).

361 1019 559 1072 Capitula
580 1019 830 1069 homogama
858 1019 1069 1061 discoidea
1095 1019 1266 1061 floribus
1297 1020 1487 1061 omnibus
1509 1019 1729 1061 fertilibus.
1765 1020 1884 1061 Invo-

306 1073 409 1114 lucri
430 1073 713 1133 ‹·ampanulati
736 1073 877 1125 pbylla
907 1072 1040 1123 rigide
1070 1073 1392 1114 membranacea
1418 1074 1640 1114 imbricata
1669 1073 1720 1114 ab
1749 1079 1883 1115 exter-

307 1127 368 1167 nis
390 1126 443 1166 ad
464 1127 613 1166 intima
633 1127 755 1172 elono·
743 1136 845 1166 ημιιι
870 1126 1196 1167 Re«1›taculum
1220 1126 1393 1167 nudum.
1417 1126 1591 1168 Corollae
1625 1126 1775 1167 limbus
1801 1138 1882 1167 uon

305 1179 531 1230 ampliatus
572 1180 797 1231 5-pa1·titus
837 1180 996 1219 laciniis
1030 1180 1147 1231 ipice
1180 1179 1392 1220 revolutis.
1427 1179 1626 1220 Antherae
1664 1180 1880 1231 sagittata}

305 1232 503 1273 auriculis
532 1233 572 1273 in
607 1232 762 1273 caziuilis
793 1232 956 1272 ciliatis
984 1232 1215 1284 productis.
1238 1232 1322 1273 Acl.
1316 1233 1423 1273 eilia
1443 1233 1640 1273 obovato-
1642 1230 1822 1285 obloiiga
1843 1236 1884 1274 5-

306 1290 469 1326 eostam
490 1285 680 1337 pilosula.
707 1285 837 1337 Pappi
859 1294 932 1325 set·
926 1297 960 1326 e
982 1296 1212 1326 numerosae
1233 1285 1407 1326 scam-‚ze
1428 1309 1478 1313 —
1499 1285 1704 1326 Frutices.

361 1393 420 1432 P.
464 1391 766 1431 Aitchisoni
811 1390 885 1441 (C.
926 1390 975 1431 B.
1022 1390 1175 1432 Clarke
1215 1391 1363 1433 Journ.
1411 1391 1533 1432 Linn.
1579 1391 1671 1433 Soc.
1718 1390 1881 1441 XVIII,

306 1457 347 1497 p.
381 1448 430 1485 72
465 1449 507 1485 et
540 1444 654 1492 XIX
690 1443 778 1484 tab.
821 1443 886 1494 19)
921 1443 1069 1495 glabra
1102 1443 1301 1485 fruticosa
1334 1445 1519 1493 inermis,
1552 1445 1678 1485 ramis
1710 1445 1884 1496 virgatis

306 1498 502 1538 tenuibus
539 1497 684 1538 crebie
723 1496 892 1545 foliosis,
921 1477 1037 1537 ‘toliis
1073 1497 1279 1549 elliptico-
1288 1497 1477 1550 oblongis
1509 1498 1685 1550 integris
1724 1498 1884 1539 obtusis

307 1550 481 1591 alteznis
501 1550 578 1591 sub
607 1550 800 1602 capitulis
829 1562 881 1597 ag
886 1550 1086 1602 oiegztis,
1115 1551 1288 1591 ramulis
1315 1551 1555 1592 axillaribus
1576 1530 1885 1603 monocephalis

305 1603 489 1655 capitulo
528 1582 931 1653 sublongioiffioiibus
965 1603 1086 1643 nudis
1119 1603 1182 1645 vel
1221 1603 1465 1652 uniloliatis,
1501 1604 1701 1645 involucri
1733 1603 1884 1656 phyllis

308 1657 440 1697 ovatis
466 1661 508 1697 et
537 1656 688 1708 oblong
666 1657 725 1697 <is
747 1655 907 1696 obtusis
935 1655 1016 1708 adp
1023 1668 1133 1697 resse
1158 1656 1345 1705 hirsutis,
1369 1657 1553 1698 acheniis
1581 1657 1737 1709 glabris
1769 1668 1885 1709 spar-

305 1710 384 1750 sim
404 1710 643 1762 stipitato-
600 1686 891 1757 -olaudulosis,
914 1721 1052 1761 pappo
1073 1709 1168 1750 albo
1189 1710 1364 1750 corollas
1383 1710 1691 1763 subsuperante
1723 1711 1776 1762 15.

320 1779 459 1871 3931'231).
494 1779 541 1814 ad
579 1779 752 1814 silvarum
787 1780 968 1824 margines
1000 1779 1107 1814 vallis
1140 1779 1278 1814 Kuram
1311 1779 1516 1825 Affghaniae
1549 1782 1716 1815 9-11000'
1747 1780 1883 1821 (Aitch.

366 1892 504 1926 Frutex
526 1891 757 1935 3-4-pedalis,
775 1890 863 1926 folia
883 1891 1036 1926 salicina
1055 1891 1223 1936 pollicem
1250 1891 1326 1927 fere
1352 1892 1472 1936 longa.
1495 1891 1640 1936 Species
1668 1902 1689 1927 a
1710 1902 1884 1937 congene-

320 1939 420 1974 ribus
441 1939 628 1983 Japonicis
649 1938 934 1973 distinctissima.

199 2091 293 2138 716,
327 2089 639 2129 cichorium
661 2088 1042 2137 divaricatum,
1066 2087 1173 2129 adde
1197 2101 1205 2129 :

366 2177 460 2212 Hab.
484 2178 519 2212 in
547 2178 666 2222 Cypro
698 2178 802 2213 (Sint.
824 2183 859 2212 et
888 2177 979 2221 Rigo
1006 2178 1119 2221 493!›,
1151 2177 1312 2222 AEgypto
1342 2177 1389 2212 ad
1417 2177 1593 2213 Kahiram
1619 2179 1714 2214 inter
1744 2183 1885 2223 segetes

300 2224 578 2269 (Sickenberger
591 2226 625 2268 ἔ),
648 2226 683 2259 in
701 2225 817 2270 pratis
835 2225 978 2259 Trifolii
996 2224 1042 2259 ad
1063 2225 1261 2260 Benisouef
1275 2225 1459 2268 (Aschers.
1473 2225 1506 2269 l).

199 2378 293 2424 717,
329 2376 382 2416 C.
405 2375 706 2426 spinosum,
730 2373 838 2415 adde
861 2386 869 2415 :

367 2463 460 2498 Hah.
481 2464 516 2498 in
536 2463 765 2507 rupestribus
785 2464 974 2498 maritimis
995 2463 1122 2498 insulae
1144 2463 1354 2508 Karpathos
1370 2463 1575 2508 (Pichler!).
1594 2464 1649 2498 Fl.
1671 2463 1790 2499 Junio.

200 2615 293 2661 718,
328 2611 595 2662 Hyoseris
616 2612 829 2660 scabra,
852 2610 962 2653 adde
985 2624 993 2652 :

368 2698 462 2733 Hab.
480 2699 516 2733 in
537 2699 662 2734 Attica
681 2698 727 2733 ad
747 2698 913 2733 Athenas
931 2703 967 2733 et
986 2698 1137 2734 Eleusin
1159 2698 1344 2743 (Heldr.!).

202 2849 295 2895 721,
329 2845 598 2897 Koelpinia
620 2845 859 2893 linearis,
882 2844 991 2886 adde
1014 2858 1021 2886 :

369 2933 461 2968 Hab.
484 2934 518 2967 in
547 2933 709 2977 AEgypto
729 2932 901 2967 inferiore
923 2933 969 2967 ad
993 2933 1152 2967 Mariout
1178 2943 1294 2977 prope
1316 2932 1580 2968 Alexandriam
1605 2933 1792 2977 (Letourn.
1803 2934 1824 2978 l)
1848 2938 1884 2969 et.

323 2981 358 3014 in
377 2980 529 3015 desertis
549 2981 715 3015 Arabicis
734 2981 888 3025 AEgypti
904 2980 1032 3015 mediae
1054 2980 1287 3024 (Schweinf.).
