2094 3351
223 251 288 287 ¹02

238 333 306 367 Pag.

225 964 316 1009 630,

225 1398 317 1444 632,

231 2442 323 2488 633,

971 261 1141 285 suranna-3.
1763 247 1889 282 Silene.

329 386 503 427 exsertis
530 385 606 426 sub
632 385 789 425 lamina
813 385 944 436 parva
967 384 1119 424 citrina
1142 382 1283 424 biloba
1310 381 1568 429 auriculatis,
1596 379 1894 433 appendicibus

326 438 436 479 binis
473 438 630 486 ovatis,
671 436 842 489 capsula
878 437 1003 477 ovata
1045 434 1303 488 carpophoro
1344 433 1629 485 sublongiore,
1667 432 1895 474 seminibus

329 490 600 541 (junioribus)
636 488 928 531 reniformibus
962 488 1174 541 papillosis
1206 491 1264 532 ⁸21.
1301 486 1492 539 Lychnis
1525 485 1724 528 Cabulc'ca
1753 485 1891 526 Aitcb.

328 543 451 584 Flora
472 542 646 591 Kuram,
669 542 711 583 in
731 542 877 583 Journ.
899 541 1021 582 Linn.
1046 540 1138 581 Soc.
1160 540 1260 581 XIX
1276 551 1356 580 non
1378 539 1510 580 Boiss.

385 614 478 649 Hab.
500 614 546 648 ad
566 613 740 650 Shendtoi
762 613 965 656 Affghaniae
989 612 1123 655 (Aitch.
1145 613 1229 645 412!
1247 612 1361 651 443b.

388 677 518 713 caules
532 677 837 720 6-lO·pollicares,
856 676 943 710 folia
958 675 1136 709 radicalia
1153 677 1211 708 2-3
1227 674 1378 717 pollices
1395 673 1504 717 longa
1521 675 1541 707 3
1556 673 1668 706 lineas
1683 672 1771 715 lata,
1788 672 1895 716 calyx

341 727 362 759 8
380 724 494 759 lineas
515 724 643 767 longus
663 726 682 757 4
705 724 810 757 latus.
830 724 956 757 Facies
973 722 1009 757 S.
1027 722 1227 765 Requiem'i,
1243 720 1305 755 sed
1324 720 1445 755 caules
1466 731 1535 754 non
1554 719 1844 754 extrarosulares
1861 724 1897 753 et

340 771 546 825 rudimenta
563 771 896 814 dissepimentorum
919 771 953 804 in
977 769 1140 813 capsula.
1160 768 1316 813 Lychnis
1347 766 1517 803 Cabucica
1545 772 1598 801 est
1624 767 1752 810 planta
1781 765 1898 800 diver-

339 828 490 853 sissima.

353 961 406 1000 S.
437 961 633 1007 lacera,
656 959 762 1000 adde
785 972 793 999 z
815 959 964 1000 Trans.
988 958 1109 1000 Linn.
1134 957 1227 999 Soc.
1249 957 1324 1005 XI,
1347 957 1435 998 tab.
1460 959 1522 998 34.

389 1046 572 1080 Immerito
601 1056 622 1080 a
649 1045 692 1079 cl.
719 1045 915 1079 Rohrbach
945 1045 990 1079 ad
1011 1045 1223 1078 varietatem
1252 1044 1287 1078 S.
1307 1044 1496 1085 fimbriatae
1516 1042 1677 1085 reducta,
1698 1052 1819 1076 annua
1842 1041 1899 1075 vel

341 1093 492 1136 biennis,
512 1093 634 1127 caules
652 1092 942 1135 procumbentes,
958 1091 1044 1125 folia
1065 1102 1178 1135 parva
1195 1091 1382 1133 undulata,
1402 1090 1647 1124 indumentum
1663 1089 1768 1123 valde
1784 1088 1900 1123 diver-

340 1151 416 1175 sum
437 1141 519 1184 pilis
539 1140 674 1183 sparsis
695 1138 957 1173 confervoideis
976 1145 1154 1181 constans,
1172 1138 1308 1172 semina
1325 1137 1512 1172 obscurius
1533 1137 1738 1181 granulata.

391 1205 483 1239 Hab.
506 1204 552 1238 ad
576 1205 675 1248 ripas
705 1204 920 1238 torrentium
946 1209 981 1237 et
1006 1204 1041 1237 in
1065 1203 1248 1237 schistosis
1272 1203 1427 1246 regionis
1454 1202 1586 1245 alpinae
1613 1202 1722 1235 totius
1750 1201 1901 1235 Caucasi

341 1253 494 1295 6-9600',
516 1252 552 1286 S.
572 1252 754 1294 fimbriata
775 1257 894 1285 autem
916 1251 1072 1293 regionis
1092 1250 1293 1293 subalpinae
1311 1249 1440 1283 incola.

348 1399 444 1447 post
467 1382 520 1434 S‘.
548 1394 757 1434 Sieberi
778 1394 913 1434 insere
937 1406 944 1433 :

388 1483 440 1521 S.
465 1483 718 1521 Astartes
739 1480 940 1531 (Blanche
966 1480 1006 1520 in
1039 1479 1142 1531 litt.)
1168 1479 1398 1520 rhizomate
1430 1479 1614 1519 breviter
1646 1482 1687 1520 et
1719 1478 1904 1519 tenuiter

331 1546 495 1575 ramoso
516 1533 839 1575 suffrutcscente
859 1533 1046 1574 surculos
1065 1533 1213 1573 breves
1240 1531 1404 1572 foliosos
1435 1535 1477 1572 et
1505 1532 1642 1572 caules
1674 1531 1905 1572 mediocres

332 1592 493 1629 erectos
514 1587 688 1639 sparsim
721 1585 1207 1639 pubescenti-viscidulos
1234 1584 1468 1625 dichotome
1498 1583 1707 1625 3-5-fioros
1736 1584 1900 1632 edente,

332 1639 438 1681 foliis
459 1639 713 1680 tomentellis
730 1639 883 1692 pallide
899 1639 1129 1679 virentibus
1147 1638 1408 1679 surculorum
1424 1637 1754 1689 ovato-oblongis
1770 1637 1906 1677 acutis

330 1694 373 1734 in
393 1692 594 1745 petiolum
614 1692 783 1745 longum
806 1692 1036 1732 attenuatis
1058 1691 1231 1732 caulinis
1258 1694 1436 1743 anguste
1463 1689 1702 1737 linearibus,
1733 1689 1904 1730 floribus

331 1746 496 1797 magnis
518 1745 699 1786 alaribus
719 1750 760 1786 et
782 1745 1070 1786 terminalibus
1090 1744 1324 1796 pedunculo
1346 1744 1474 1795 calyci
1492 1743 1725 1794 aequilongo
1739 1743 1803 1783 vel
1818 1742 1904 1782 lon-

333 1799 448 1851 giore
467 1797 662 1846 suffultis,
682 1799 821 1850 calyce
836 1798 1134 1839 rubro—vittato
1149 1797 1401 1849 glaber-rimo
1417 1796 1659 1837 umbilicato
1679 1795 1904 1847 cylindrico

332 1856 375 1893 et
396 1850 611 1892 fructifero
629 1851 790 1892 clavato
806 1851 1002 1891 (lentibus
1017 1850 1205 1901 oblongis
1221 1849 1380 1890 obtusis
1395 1849 1770 1899 albo-marginatis,
1789 1852 1906 1900 peta-

332 1905 464 1945 lorum
480 1904 690 1956 unguibus
706 1904 861 1955 glabris
877 1916 956 1944 non
973 1903 1230 1951 auriculatis,
1249 1902 1405 1943 lamina
1419 1902 1514 1944 alba
1528 1901 1732 1954 profunde
1747 1900 1901 1948 biloba,

333 1957 630 2051 appendicibus
651 1957 703 1998 ad
724 1957 870 2009 gibbos
892 1956 1089 2004 reductis,
1114 1956 1284 2007 capsula
1303 1955 1483 2006 oblonga
1502 1954 1758 2006 carpophoro
1780 1953 1904 2005 duplo

350 2011 520 2062 ongiore
541 2013 577 2056 91,
590 2042 599 2050 .

391 2082 484 2117 Hab.
499 2083 535 2116 in
551 2082 688 2116 Libano
704 2093 814 2125 supra
830 2082 975 2125 Djebail
991 2081 1035 2115 ad
1049 2082 1164 2115 minas
1182 2080 1282 2114 Aska
1302 2080 1371 2119 (Bl.
1383 2081 1416 2124 !),
1432 2080 1477 2114 ad
1497 2081 1566 2113 Ain
1581 2079 1688 2115 Sufar
1703 2079 1904 2123 (Peyronl).

394 2147 523 2182 Caules
554 2146 705 2181 floriferi
737 2158 815 2181 cum
848 2146 1115 2180 inflorescentia
1148 2144 1455 2188 {i-io-pollieares,
1489 2144 1656 2178 foliorum
1693 2143 1904 2177 inferiorum

348 2195 482 2229 lamina
500 2196 558 2228 5-6
579 2195 693 2228 lineas
715 2194 833 2237 longa.
853 2194 964 2237 Calyx
987 2195 1070 2226 9-10
1089 2193 1202 2227 lineas
1221 2193 1357 2235 longus.
1377 2192 1508 2226 Planta
1527 2191 1707 2226 simillima
1723 2191 1757 2225 S.
1773 2190 1907 2225 Sieberi

346 2252 364 2277 e
386 2243 494 2277 Creta
514 2252 535 2275 a
552 2244 624 2285 qua
642 2247 763 2275 tamen
781 2248 837 2275 sat
863 2241 1007 2274 differre
1029 2240 1170 2274 videtur
1195 2240 1317 2283 calyce
1347 2239 1567 2282 glaberrimo
1588 2249 1653 2272 nec
1673 2237 1905 2281 glanduloso-

346 2289 576 2333 pubescente,
597 2288 801 2332 petalorum
820 2288 997 2331 unguibus
1013 2299 1082 2321 non
1103 2287 1324 2321 auriculatis.

355 2442 449 2491 post
473 2440 525 2478 S.
545 2442 829 2479 nutantem
852 2438 986 2479 insere
1009 2451 1017 2478 ;

391 2527 443 2566 S.
470 2527 708 2566 Galataea
731 2526 882 2574 (Boiss.
907 2526 947 2565 in
972 2525 1078 2565 Sint.
1103 2529 1145 2565 et
1166 2525 1272 2575 Rigo
1293 2523 1419 2576 Cypr.
1438 2524 1544 2573 exs.)
1567 2523 1795 2563 rhizomate
1813 2521 1907 2562 bre-

336 2580 445 2620 viter
465 2585 507 2619 et
528 2579 711 2619 tenuiter
732 2579 954 2625 ramulOSO,
979 2577 1166 2618 caulibus
1188 2577 1384 2618 tenuibus
1405 2575 1726 2617 ascendentibus
1755 2574 1909 2615 flexuo-

334 2633 388 2672 sis
409 2644 520 2684 saepe
544 2632 777 2677 raniulosis,
802 2631 907 2671 foliis
924 2630 1109 2671 breviter
1129 2630 1322 2670 velutinis
1344 2629 1544 2669 viridibus
1572 2626 1908 2679 oblongo-rhom-

334 2685 422 2725 beis
443 2685 628 2726 breviter
647 2684 859 2736 petiolatis
879 2684 995 2736 apice
1013 2683 1192 2734 abrupte
1212 2682 1475 2729 acuminatis,
1499 2681 1692 2733 panicula
1712 2680 1909 2729 elongata

337 2738 430 2778 laxa
450 2737 691 2789 pauciflora,
714 2736 896 2777 bracteis
919 2736 1143 2777 linearibus
1164 2735 1228 2776 vel
1248 2735 1423 2776 setaccis
1446 2734 1714 2782 brevissimis,
1737 2732 1908 2773 floribus

335 2790 592 2841 longiuscule
638 2789 914 2830 ›edunculatis
945 2794 1042 2829 ante
1075 2788 1265 2829 antbesin
1295 2787 1555 2834 nutantibus,
1588 2786 1728 2839 calyce
1753 2785 1909 2826 brevis-

335 2844 439 2884 sime
458 2803 661 2895 puberulo
682 2842 841 2883 rubello
863 2842 1161 2894 quinquenervi
1182 2840 1569 2893 cylindrico-conico
1592 2837 1806 2880 fructifero
1827 2837 1907 2878 cla-

338 2901 434 2936 vato
455 2901 497 2936 et
516 2895 593 2936 sub
615 2895 785 2947 capsula
806 2895 1032 2935 constricto
1054 2894 1250 2934 dentibus
1272 2893 1511 2934 alternatim
1533 2893 1664 2932 ovatis
1685 2891 1844 2931 obtusis
1866 2897 1908 2930 et

338 2947 665 2996 triangularibus
681 2948 829 2995 acutis,
843 2947 1075 2999 petaloruin
1090 2946 1299 2997 unguibus
1315 2946 1556 2986 auriculatis
1569 2944 1740 2996 glabris,
1753 2943 1909 2984 lamina

339 3000 635 3042 flavido-livida
663 3001 776 3040 ultra
800 3000 984 3041 medium
1013 2999 1155 3047 bifida,
1180 2998 1478 3050 appendicibus
1510 2997 1763 3039 brevissimis
1792 3000 1909 3036 trun-
