2115 3250
197 209 511 244 Pseudovesicaria.
918 219 1140 244 cnUClFERAE.
1827 213 1871 248 49

195 289 265 323 Pag.

192 1168 282 1213 2613,

193 1237 283 1282 266,

195 1597 285 1642 268,

197 2551 288 2597 268,

199 2765 289 2811 269,

354 341 412 380 Ρ.
435 340 663 390 digitata
684 338 805 391 (ΟΛ.
834 338 945 392 Mey.
973 339 1145 388 Euum„
1180 352 1222 392 p.
1257 343 1345 388 180,
1380 340 1456 381 sub
1495 340 1726 392 Vesz‘oarz'a)
1754 344 1872 385 caule

300 392 572 433 crassiusculo
594 392 740 444 glauco
768 391 1025 443 subsimplici
1054 392 1169 432 brevi
1202 393 1243 432 in
1276 404 1486 433 racemum
1517 394 1749 445 capitatum
1777 395 1870 436 dein

300 445 539 496 elongatum
561 445 643 485 cito
664 444 860 492 abeunte,
883 443 990 485 foliis
1016 445 1155 496 parvis
1186 445 1369 485 carnosis
1394 444 1547 486 infimis
1568 446 1756 488 obovatis
1776 448 1873 489 sub-

298 497 473 549 integris
492 497 554 537 ve]
576 497 725 537 obtuse
745 496 1001 545 tridentatis,
1022 497 1195 537 caulinis
1215 498 1429 538 sessilibus
1450 499 1567 549 apice
1592 499 1633 539 in
1662 503 1728 540 3—5
1756 500 1873 541 lobos

302 550 479 590 lineares
516 549 670 597 incisis,
710 549 881 590 floribus
919 549 1198 590 mediocribus
1243 549 1439 591 confertis
1485 551 1589 591 albis
1626 552 1693 592 vel
1726 554 1870 602 roseis,

299 613 463 642 racemo
490 600 705 642 fructifero
738 601 864 642 denso
896 601 1088 653 oblongo,
1123 602 1335 654 pedicellis
1371 602 1597 643 fructiferis
1629 605 1873 645 incrassatis

298 654 503 706 elongatis
524 654 673 695 erectis
694 665 804 705 saepe
823 654 1111 702 subsecundis‚
1135 655 1296 695 silicula
1310 655 1495 707 elliptica
1508 656 1571 696 vel
1587 659 1712 697 ovata
1727 657 1874 698 inflata

299 706 361 747 vel
379 707 471 759 plus
491 707 632 747 minus·
648 709 888 758 compressa
907 707 1015 759 stylo
1036 707 1260 759 cylindrico
1280 708 1506 759 apiculata,
1526 709 1727 761 stigmate
1747 710 1875 751 indis-

302 760 433 800 tincto
456 763 519 807 ΕΦ.

357 829 451 863 Hab.
471 830 507 863 in
527 829 711 863 schistosis
729 829 886 873 regionis
903 830 1036 873 alpinae
1058 830 1208 864 Caucasi
1229 830 1414 864 orientalis
1435 831 1471 864 in
1485 830 1692 875 Tuschetia‚
1709 832 1872 876 Daghes-

311 876 423 919 tama,
433 875 580 956 (limone
599 876 731 910 Tindal
750 882 785 910 et
801 876 983 910 montibus
1003 877 1122 920 Bogos
1139 878 1387 921 8500-10500‘‚
1408 877 1588 912 interdum
1615 878 1766 913 inferius
1793 890 1872 913 cum

310 924 413 966 aquis
459 928 596 957 evecta.

358 988 462 1030 Saepe
480 987 751 1030 1-2-pollicaris,
771 987 888 1021 rarius
908 987 1062 1030 pedalis.
1080 987 1229 1022 Racemi
1249 987 1429 1022 fructiferi
1446 988 1491 1022 ob
1513 989 1598 1023 axin
1619 994 1655 1024 et
1673 990 1874 1034 pedieellos

314 1035 534 1068 incrassatos
551 1034 663 1077 ampli
681 1034 926 1078 bipollicares‚
947 1034 1100 1068 siliculae
1120 1037 1180 1069 4-5
1198 1035 1314 1069 lineas
1334 1035 1461 1079 longae.

315 1164 368 1204 ad
389 1164 552 1215 generis
572 1160 869 1204 Vesicari'ae
891 1164 1048 1206 calcem
1069 1168 1112 1206 et

314 1234 573 1284 Alyssum
594 1235 981 1284 corymbosum
1001 1235 1044 1275 in
1064 1236 1166 1276 nota
1186 1236 1294 1277 adde
1317 1249 1325 1276 :

363 1320 544 1355 Vesicaria
567 1320 782 1363 fruticulosa
800 1321 971 1356 Desvaux
999 1322 1127 1356 Journ.
1148 1328 1184 1356 et
1212 1323 1316 1357 herb.
1338 1334 1383 1358 ex
1412 1325 1516 1358 amici
1544 1325 1682 1360 Reuter
1702 1327 1871 1370 autopsia

311 1372 453 1402 constat
473 1380 480 1400 :
504 1370 539 1400 1⁰
558 1367 813 1410 speciminibus
836 1368 928 1403 binis
955 1368 1155 1404 fructiferis
1176 1370 1331 1404 valvulis
1359 1370 1520 1406 deciduis
1543 1373 1712 1417 Alyssum
1735 1374 1872 1414 (Koni-

307 1418 412 1459 qam»)
434 1424 701 1457 macrocarpum
721 1415 946 1459 sistentibus3
964 1418 1001 1449 20
1022 1417 1216 1459 specimine
1240 1416 1401 1451 florifero
1422 1418 1690 1464 Physoptychin
1713 1421 1873 1465 meapha-

311 1462 423 1496 lodem
442 1461 636 1504 referente,
657 1461 720 1496 sed
740 1462 834 1506 stylo
852 1461 1018 1497 breviore
1040 1463 1187 1497 donato.

316 1598 411 1646 post
430 1595 489 1634 A.
511 1595 856 1635 bracteatum
876 1596 1012 1637 insere
1036 1609 1044 1636 :

350 1682 408 1720 A.
436 1681 765 1732 Singarense
787 1681 939 1732 (Boiss.
963 1687 1006 1724 et
1032 1683 1237 1735 Haussk.)
1264 1684 1510 1726 indumento
1541 1686 1711 1727 stellato
1744 1686 1872 1729 dense

300 1744 448 1774 canum
469 1733 560 1774 basi
580 1733 891 1783 suffrutescens‚
915 1735 1102 1777 caulibus
1122 1736 1316 1778 flexuosis
1337 1738 1868 1790 corymboso-paniculatis‚

299 1785 405 1826 foliis
439 1786 627 1838 oblongis
665 1786 824 1828 obtusis
859 1788 949 1828 basi
988 1788 1172 1830 breviter
1209 1792 1442 1831 attenuatis
1481 1792 1653 1832 summis
1685 1804 1872 1834 racemos

298 1838 564 1880 abbreviatos
598 1839 688 1879 basi
727 1839 1084 1882 involucrantibus
1119 1842 1350 1892 diminutis,
1386 1843 1537 1895 petalis
1569 1845 1724 1896 pallide
1756 1845 1873 1887 flavis

299 1891 486 1932 cuneatis
506 1891 682 1943 integris
702 1892 843 1944 calyce
862 1893 929 1934 vix
956 1895 1368 1946 sesquilougioribus‚
1391 1895 1615 1938 filamentis
1641 1898 1873 1940 minoribus

297 1944 388 1984 basi
423 1944 653 1996 appendice
684 1944 831 1986 lineari
863 1946 996 1986 libera
1031 1947 1088 1988 eis
1122 1948 1394 1990 subbreviore
1429 1950 1578 1998 auctis,
1617 1951 1874 2003 longioribus

298 1996 553 2037 membranae
586 2000 719 2038 ovatae
755 1999 872 2090 apice
903 1999 1177 2041 2-4-dentatae
1216 2001 1269 2041 ad
1302 2002 1486 2043 medium
1523 2015 1655 2055 usque
1688 2004 1871 2054 adnatis‚

299 2049 459 2090 silicula
484 2049 682 2101 (Juniore)
703 2051 782 2091 stel
802 2051 904 2092 atim
925 2051 1053 2093 dense
1078 2052 1264 2105 lepidota
1290 2056 1414 2094 ovata
1439 2055 1591 2096 obtusa
1616 2057 1724 2108 stylo
1751 2057 1874 2109 longo

299 2102 510 2154 apiculata
535 2106 594 2149 Ql.

357 2172 451 2206 Hab.
471 2172 506 2206 in
525 2173 700 2207 cretaceis
720 2174 852 2208 montis
872 2174 1018 2219 Sindjar
1038 2176 1133 2210 inter
1152 2177 1336 2212 Zamuche
1354 2182 1390 2212 et
1410 2178 1564 2213 Zakinia
1586 2178 1803 2225 (Haussk.!).

358 2236 586 2280 Semipedale
605 2237 662 2271 vel
682 2238 794 2281 paulo
812 2238 953 2283 elatius,
971 2240 1131 2285 corymbi
1145 2242 1236 2275 rami
1256 2241 1385 2277 breves
1410 2243 1612 2288 divaricati,
1629 2243 1737 2279 fiores
1756 2246 1874 2289 parvi.

312 2284 456 2327 Species
474 2283 593 2318 affinis
613 2285 657 2318 A.
678 2285 856 2320 bracteato
873 2295 894 2320 a
909 2297 978 2330 quo
996 2286 1263 2322 filamentorum
1285 2292 1469 2324 structura
1489 2291 1666 2334 peculiari
1688 2291 1874 2336 distingui-

312 2336 382 2364 tur.
403 2330 531 2365 Refert
549 2341 692 2375 quoque
708 2332 753 2366 A.
768 2333 965 2377 lanigerum
982 2334 1085 2377 cujus
1101 2335 1350 2370 indumentum
1366 2338 1510 2372 tenuius
1526 2339 1641 2382 magis
1662 2338 1874 2383 lepidotum,

312 2377 462 2430 siliculae
494 2378 636 2422 longius
667 2379 812 2423 stylatae
844 2384 880 2414 et
907 2380 1093 2416 filamenta
1125 2383 1243 2416 omnia
1275 2384 1537 2427 appendicibus
1563 2385 1725 2420 indivisis
1751 2386 1875 2421 liberis

312 2430 499 2458 lustr-ueta.

320 2550 378 2588 A.
402 2549 805 2599 condensatum,
827 2550 935 2593 adde
955 2564 964 2592 :

359 2635 453 2670 Hab.
472 2636 508 2670 in
526 2635 647 2671 insula
664 2637 782 2681 Cypro
803 2638 899 2672 circa
919 2638 1117 2674 Prodromo
1136 2640 1238 2683 (Sint.
1261 2647 1295 2676 et
1315 2641 1454 2687 Rigol).

319 2766 415 2814 post
435 2764 495 2805 A.
518 2764 911 2806 condensatum
930 2766 1068 2808 insere
1086 2779 1095 2808 :

356 2851 415 2909 ᾼ.
441 2851 635 2892 Troodi
659 2851 810 2899 (Boiss.
833 2853 875 2913 in
905 2852 1026 2914 Sint..
1045 2858 1088 2895 et
1118 2855 1225 2915 Rigo
1259 2855 1367 2908 exs.)
1399 2855 1710 2916 sufl'ruticosum
1737 2863 1873 2900 totum

304 2902 742 2954 lepldoto-canescens‚
759 2917 886 2946 ramis
901 2911 1050 2947 erectls
1065 2908 1226 2960 rigidis,
1245 2907 1352 2949 foliis
1371 2921 1510 2961 parvis
1526 2910 1876 2953 obovato-cunea-

305 2955 358 2995 tis
390 2955 548 2997 obtusis
580 2956 633 2997 ad
665 2957 852 2999 surculos
884 2959 1047 3001 steriles
1082 2960 1203 3001 valde
1234 2961 1499 3003 condensatis
1532 2964 1684 3004 rameis
1718 2965 1874 3017 sparsis
1906 2964 1918 2974 ⁸

1665 3038 1685 3074 4
