2094 3351
206 262 275 298 276

891 274 1148 300 CAPRIFOLMCE
1165 278 1197 300 ε.
1689 266 1878 304 Lonieera.

311 395 494 435 berrima
515 394 720 436 scandens
742 399 929 436 tortuose
944 407 1122 444 ramosa,
1141 395 1247 437 foliis
1266 397 1452 437 breviter
1471 401 1514 438 et
1529 398 1885 450 graciliterpetio-

313 448 409 488 latis
436 448 569 488 ovatis
597 448 660 488 vel
687 448 930 488 orbiculatis
959 448 1119 489 obtusis
1155 449 1316 501 rigidis,
1345 449 1557 490 floralibus
1593 450 1888 491 subsessilibus

313 500 455 540 liberis
485 500 764 547 subcordatis,
794 500 965 541 floribus
998 502 1039 541 in
1076 502 1261 553 capitula
1295 503 1531 542 terminalia
1565 504 1654 554 pari
1690 514 1885 555 supremo

312 552 504 593 foliorum
539 553 800 594 involucrata
839 553 1050 605 dispositis
1085 554 1327 595 brevissime
1361 555 1666 607 pedunculatis,
1703 555 1885 596 bracteis

311 606 484 646 minutis
506 606 800 658 calycibusque
821 605 943 656 longe
964 607 1128 654 cibatis,
1153 608 1316 648 corollae
1336 620 1465 649 roseae
1487 606 1886 649 infundibuliformis

310 658 437 699 limbo
457 658 720 709 subregulari
743 659 890 699 tubum
912 659 1204 709 glandulosum
1225 666 1419 712 aequante
1448 663 1499 711 5.

370 729 464 764 Hab.
485 730 520 763 in
540 730 635 764 valle
657 730 792 764 Kuram
814 730 1018 773 Affghanise
1041 733 1143 765 7000‘
1165 732 1298 766 (Aitch.
1321 733 1436 770 535!).

368 794 473 829 Folia
490 797 544 828 1-1
567 794 598 835 ¹;'2
624 795 790 837 pollicem
808 795 926 838 longa,
948 796 1085 829 corolla
1101 797 1150 830 eis
1169 797 1320 830 aliarum
1337 797 1538 840 specierum
1555 797 1722 831 sectionis
1740 797 1885 830 brevior

322 847 358 876 et
378 841 465 875 tubo
489 841 702 875 abbreviato
732 842 913 885 limboquo
934 842 1164 886 subregulari
1186 844 1336 887 insignis
1356 845 1416 877 8-9
1447 844 1561 878 lineas
1590 844 1708 887 longa.
1739 845 1884 887 Species

320 888 471 923 floribus
490 898 629 923 amoene
650 890 762 923 roseis
781 890 1050 933 elegantissima
1071 897 1105 924 et
1125 891 1270 924 cultura
1285 891 1404 934 digna.

322 1050 418 1098 post
436 1047 489 1086 L.
515 1046 782 1086 Ibericam
802 1046 939 1087 insere
960 1059 967 1086 :

362 1135 416 1173 L.
451 1134 952 1184 quinquelocularis
988 1134 1177 1185 (Hardiv.
1210 1135 1251 1175 in
1272 1134 1405 1175 Asiat.
1430 1135 1527 1175 Res.
1550 1134 1622 1183 VI,
1648 1135 1742 1183 351)
1764 1135 1885 1176 fruti-

306 1198 416 1235 cosa,
441 1187 566 1226 ramis
596 1187 825 1238 puberulis,
850 1186 956 1227 foliis
981 1187 1167 1227 breviter
1194 1188 1405 1239 petiolatis
1435 1188 1568 1228 ovatis
1594 1188 1658 1228 vel
1692 1187 1884 1239 oblongis

304 1239 575 1281 acutiusculis
606 1240 670 1279 vel
705 1240 839 1280 acutis
867 1240 1016 1280 subtus
1045 1240 1386 1291 pubescentibus,
1419 1240 1590 1281 floribus
1623 1240 1675 1281 ad
1713 1240 1879 1281 axillam

303 1293 413 1333 binis
434 1292 743 1340 subsessilibus,
766 1292 948 1332 bracteis
964 1292 1461 1342 lanceolam-linearibus,
1481 1293 1705 1334 bracteolis
1722 1293 1883 1334 orbicu-

304 1346 462 1386 latisin
494 1346 687 1396 cupulam
720 1345 773 1385 ad
801 1345 983 1386 medium
1016 1346 1221 1394 connatis,
1254 1346 1407 1398 calycis
1440 1346 1650 1398 cupularis
1686 1346 1883 1387 dentibus

306 1398 638 1450 triangularibus
659 1398 824 1446 ciliatis,
848 1398 1012 1439 corollae
1037 1399 1304 1450 pubescentis
1334 1399 1436 1440 tubo
1464 1399 1554 1440 basi
1575 1399 1726 1451 aequali
1755 1399 1881 1440 limbo

302 1451 506 1492 bilabiato
527 1451 811 1498 subbreviore,
834 1451 975 1492 baccis
996 1452 1129 1492 ovatis
1151 1451 1291 1492 liberis
1316 1465 1341 1503 5
1359 1484 1367 1492 .
1390 1451 1444 1493 L.
1465 1450 1733 1504 diversifolc'a
1754 1451 1877 1492 Wall.

303 1505 344 1545 in
367 1504 499 1545 Roxb.
524 1503 585 1544 Fl.
608 1503 701 1544 Ind.
721 1527 773 1532 —
794 1503 931 1544 Hook.
954 1503 1012 1544 Ic.
1036 1504 1125 1545 tab.
1149 1507 1240 1546 807.
1264 1528 1315 1532 —
1335 1504 1430 1546 Bot.
1455 1505 1560 1557 Reg.
1585 1508 1650 1553 30,
1673 1505 1761 1546 tab.
1787 1508 1850 1546 33.

315 1574 453 1666 δὸἓῧὶ).
474 1575 511 1608 in
535 1574 731 1609 ditionibus
752 1574 890 1609 Kuram
922 1579 957 1609 et
983 1574 1122 1609 Hariab
1154 1574 1360 1619 Affghaniae
1392 1577 1536 1610 7-9000‘
1566 1576 1712 1619 copiose
1743 1575 1879 1618 (Aitch.

360 1686 498 1720 Frutex
529 1685 647 1720 elatus
673 1685 730 1720 vel
760 1685 870 1720 arbor
895 1695 1011 1729 parva
1045 1686 1181 1720 cortice
1211 1685 1352 1720 demum
1380 1686 1416 1720 in
1445 1685 1557 1721 fibras
1587 1685 1715 1730 longas
1748 1685 1881 1729 soluta,

316 1732 406 1767 folia
443 1733 724 1777 1-2-pollicaria,
762 1732 870 1767 flores
903 1734 1052 1777 magnit.
1086 1733 1129 1767 L.
1165 1733 1344 1778 Xylostei.
1375 1733 1509 1768 Ovaria
1542 1732 1667 1768 forsan
1699 1732 1884 1767 interdum

316 1780 666 1824 quinquelocularia,
687 1780 750 1815 sed
769 1781 840 1815 rite
859 1780 1099 1815 trilocularia.

360 1843 428 1878 Ar.
451 1843 593 1887 Geogr.
614 1845 808 1890 Himalaya
828 1850 1034 1888 temperata
1054 1855 1076 1879 a
1097 1845 1322 1880 Cachemiria
1342 1844 1388 1879 ad
1407 1845 1614 1889 Nepaliam.

356 2003 412 2043 L.
430 2002 710 2053 myrtillus
725 2001 881 2053 (Hook.
895 2000 924 2042 f.
939 2006 982 2042 et
997 2001 1167 2042 Thoms.
1184 2002 1226 2042 in
1242 2001 1390 2042 Journ.
1410 2001 1533 2042 Linn.
1552 2000 1645 2043 Soc.
1659 2001 1714 2050 Π,
1729 2014 1770 2054 p.
1787 2002 1884 2050 168)

298 2055 545 2096 fruticulosa
566 2055 764 2106 depressa
795 2054 967 2095 ramulis
996 2055 1235 2106 prostratis,
1258 2053 1366 2095 foliis
1396 2054 1595 2096 confertis
1621 2055 1760 2107 parvis
1792 2054 1884 2107 gla-

299 2109 494 2149 berrimis
515 2108 759 2149 brevissime
778 2108 991 2160 petiolatis
1012 2107 1213 2159 elliptico-
1227 2108 1291 2149 vel
1311 2107 1702 2160 obovato-oblongis
1717 2107 1883 2148 obtusis

299 2162 390 2203 basi
405 2162 541 2202 acutis
557 2161 705 2202 subtus
721 2161 895 2213 glaucis,
916 2160 1150 2212 pedunculo
1165 2160 1295 2209 brevi,
1314 2160 1497 2201 bracteis
1512 2159 1696 2202 foliaceis
1712 2160 1884 2201 lineari—

300 2215 504 2267 oblongis‚
529 2214 752 2255 bracteolis
772 2214 814 2254 in
835 2213 1030 2266 cupulam
1053 2214 1258 2262 connatis,
1283 2213 1434 2265 calycis
1456 2213 1617 2254 laciniis
1646 2213 1880 2265 triangula-

298 2267 429 2315 ribus,
450 2267 605 2308 corolla
623 2267 739 2308 brevi
766 2266 990 2307 latiuscula
1010 2266 1322 2318 campanulatfu
1347 2266 1448 2307 tubo
1475 2277 1557 2307 non
1579 2266 1720 2318 gibbo,
1749 2265 1883 2307 limbo

299 2321 464 2373 aequali,
500 2320 754 2373 genitalibus
786 2320 971 2368 inclusis,
1002 2319 1141 2360 baccis
1174 2319 1316 2360 liberis
1349 2320 1401 2370 ὃ.
1433 2318 1488 2361 L.
1519 2316 1754 2373 parvifolia
1785 2331 1874 2360 var.

298 2373 520 2427 myrtillns
539 2373 677 2414 Hook.
700 2372 729 2414 f.
753 2377 796 2414 et
815 2372 987 2413 Thoms.
1010 2371 1073 2413 Fl.
1096 2371 1190 2413 Ind.
1212 2372 1288 2421 III,
1310 2384 1352 2424 p.
1378 2375 1440 2413 13.

357 2444 452 2478 Hab.
473 2444 509 2478 in
526 2443 707 2478 montibus
729 2442 903 2477 Shendtoi
925 2448 960 2477 et
980 2443 1146 2478 Sikaram
1167 2443 1273 2477 vallis
1301 2442 1438 2476 Kuram
1464 2441 1671 2486 Affghaniae
1700 2443 1867 2476 9-14000'

312 2492 448 2534 (Aitch.
470 2492 549 2534 393,
567 2491 629 2525 sed
650 2491 685 2524 in
702 2491 897 2534 specimine
914 2500 993 2525 meo
1016 2492 1105 2524 1222
1115 2490 1147 2534 ἱ).

358 2555 566 2590 Fruticulus
586 2565 732 2599 parvus,
752 2555 841 2589 folia
861 2556 922 2589 4-6
943 2555 1058 2589 lineas
1078 2560 1220 2589 tantum
1239 2554 1358 2599 longa,
1371 2553 1518 2592 ,corolla
1535 2555 1596 2588 3-4
1618 2553 1732 2588 lineas
1752 2553 1878 2597 longa.

353 2709 408 2748 L.
427 2708 659 2748 obovata
675 2706 826 2759 (Royle
840 2706 941 2748 Mss.
956 2730 1008 2735 —
1021 2706 1159 2748 Hook.
1177 2705 1206 2747 f.
1225 2711 1268 2747 et
1283 2705 1453 2747 Thoms.
1471 2705 1619 2747 Journ.
1636 2705 1758 2746 Linn.
1777 2703 1870 2746 Soc.

298 2760 353 2809 ΙΙ,
380 2761 472 2812 169)
493 2759 693 2801 fruticosa
715 2760 863 2811 glabra
882 2760 946 2801 vel
965 2760 1186 2812 puberula,
1204 2758 1311 2800 foliis
1327 2759 1465 2811 parvis
1483 2757 1878 2810 obovato-oblongis

295 2813 386 2854 basi
407 2814 645 2865 angustatis
671 2813 915 2854 brevissime
934 2813 1163 2872 petiolatis,
1198 2812 1443 2864 pedunculis
1469 2810 1627 2853 bifloris
1647 2810 1749 2852 flore
1777 2809 1879 2852 sub-

293 2866 571 2914 brevioribus,
593 2866 776 2907 bracteis
803 2865 1045 2914 linearibus,
1071 2865 1295 2906 bracteolis
1322 2866 1460 2917 parvis
1491 2865 1696 2913 connatis,
1720 2863 1874 2916 calycis

296 2919 398 2960 tubo
418 2923 615 2960 truncato
644 2918 864 2967 undulato,
897 2919 1060 2960 corollae
1089 2918 1226 2959 brevis
1259 2915 1877 2959 tubuloso-infundibuliformis

296 2972 398 3013 tubo
417 2972 508 3013 basi
560 2971 672 3020 ibbo,
694 2971 821 3012 limbo
842 2971 1089 3024 subaequali,
1113 2971 1367 3024 genitalibus
1388 2970 1578 3019 exsertis,
1603 2969 1743 3011 baccis
1775 2981 1877 3021 pur-

293 3025 435 3078 pureis
455 3036 530 3065 coa
548 3025 617 3065 itis
648 3038 673 3076 5
691 3057 700 3065 .
