2115 3250
218 209 460 245 Concolvulus.
884 220 1214 245 convotvuLAcEAE.
1815 210 1885 244 :349

215 288 254 314 Pa
279 309 285 315 .

219 296 307 392 1083,
339 342 390 381 C.
412 341 822 392 microphyllus,
846 340 954 380 adde
976 353 984 380 ε

377 430 469 465 Hab.
487 431 522 464 in
543 430 628 464 Oasi
647 431 778 473 magna
798 430 949 473 AEgypti
970 429 1219 472 (Schweinf.!),
1242 429 1327 464 Oasi
1348 430 1487 464 Dachel
1508 430 1689 472 (Aschers.
1703 431 1736 472 !).

217 547 305 592 105,
340 545 392 584 C.
415 544 678 591 hirsutuS,
696 542 805 583 adde
827 556 835 583 :

376 631 468 666 Hab.
489 632 524 665 in
545 631 652 665 cultis
674 631 781 675 Cypri
803 642 917 675 prope
936 632 1155 675 Heptakomi
1178 632 1278 675 (Sint.
1301 637 1336 665 et
1354 631 1489 674 Rigoi).

216 751 303 795 107,
338 748 391 788 C.
415 748 786 796 tenuissimuS,
809 747 917 788 adde
940 761 948 788 2

375 835 469 869 Hab.
488 834 534 869 ad
555 835 779 879 Ophrynium
801 834 953 869 Troadis
975 835 1123 877 (sium).

215 951 303 997 107,
337 950 389 989 C.
413 949 845 1000 stachydifolius‚
869 948 977 989 adde
1001 961 1009 989 :

375 1038 468 1072 Hab.
489 1038 535 1073 ad
551 1038 626 1072 Ras
644 1038 782 1072 Damur
803 1039 1009 1072 Palaestinae
1029 1038 1102 1081 (W.
1123 1037 1308 1082 Barbeyl).

216 1157 302 1202 109,
334 1153 384 1192 C.
410 1153 734 1201 Parmensis,
759 1152 868 1193 adde
890 1165 898 1193 :

374 1241 467 1275 Hab.
488 1242 523 1274 in
542 1241 648 1275 cultis
669 1239 712 1275 ad
734 1241 885 1275 Ramses
905 1251 1020 1284 prope
1034 1240 1295 1275 Alexandriam
1311 1240 1464 1284 AEgypti
1480 1238 1667 1282 (Letourn.
1683 1248 1757 1272 exs.
1775 1239 1885 1281 1023),

326 1289 362 1322 in
381 1288 465 1323 Oasi
486 1288 626 1323 Dachel
646 1288 872 1332 (Aschers.!).

214 1407 301 1452 109,
332 1408 427 1456 post
449 1405 502 1444 C.
525 1404 949 1455 Coelesyriacum
968 1405 1106 1445 insere
1126 1416 1134 1444 :

367 1492 419 1531 C.
448 1491 730 1531 Sintenisii
751 1491 901 1543 (Boiss.
924 1491 965 1531 in
992 1490 1099 1532 Sint.
1128 1495 1172 1531 et
1197 1490 1303 1541 Rigo
1364 1490 1389 1530 l.
1422 1489 1548 1541 Cypr.
1584 1488 1692 1539 exs.)
1722 1499 1885 1528 annuus

314 1543 457 1584 viridis
493 1544 655 1584 minute
693 1549 736 1585 et
772 1556 898 1596 parce
935 1544 1187 1596 pubescens,
1230 1542 1336 1584 cauli
1369 1554 1418 1583 us
1457 1541 1804 1583 decumbentibus
1843 1545 1885 1581 et

315 1596 681 1645 adscendentibus,
717 1597 823 1638 foliis
856 1597 1047 1638 omnibus
1069 1595 1455 1637 ovato-orbiculatis
1476 1594 1682 1647 profunde
1702 1593 1886 1634 cordatis

314 1649 499 1691 obsolete
519 1649 713 1702 repandis
733 1649 996 1690 inferioribus
1017 1650 1139 1701 longe
1158 1648 1442 1701 superioribus
1456 1648 1641 1688 breviter
1654 1647 1881 1699 petiolatis‚

313 1701 559 1754 pedunculis
597 1703 840 1743 axillaribus
878 1702 1064 1743 unifloris
1102 1701 1194 1743 flori
1236 1701 1481 1753 aequilongis
1519 1700 1584 1741 vel
1627 1699 1885 1751 longioribus

314 1767 458 1796 versus
485 1755 669 1796 medium
697 1755 931 1796 articulatis
952 1760 995 1796 et
1014 1753 1473 1796 setaceo-bracteolatis
1493 1752 1719 1794 fructiferis
1741 1752 1887 1793 circin-

314 1808 443 1848 natim
490 1809 694 1856 recurvis,
734 1809 886 1860 sepalis
928 1808 1102 1849 hirsutis
1141 1808 1274 1848 ovatis
1313 1807 1473 1848 obtusis
1512 1807 1634 1857 longe
1676 1805 1883 1852 caudatis,

315 1861 468 1902 corolla
487 1862 650 1902 intense
669 1863 881 1913 purpurea
900 1860 953 1901 ad
983 1860 1159 1913 angulos
1185 1860 1347 1913 pubera
1366 1859 1506 1912 calyce
1533 1858 1658 1910 triplo
1679 1858 1882 1910 longiore,

315 1914 486 1965 capsula
506 1914 668 1955 hirsuta.
688 1916 752 1963 Θ.

373 1984 465 2019 Hab.
486 1985 521 2018 in
541 1990 662 2019 monte
682 1985 962 2029 Pentedactylos
984 1985 1094 2029 Cypri
1113 1984 1215 2028 (Sint.
1235 1989 1271 2018 et
1290 1983 1382 2027 Rigo
1404 1993 1477 2017 exs.
1499 1982 1586 2026 551).

373 2049 430 2083 Ab
456 2049 557 2083 affini
586 2048 623 2084 G.
645 2048 877 2094 Gaelesyriaco
897 2049 1088 2083 distinctus
1114 2048 1210 2083 foliis
1233 2048 1398 2082 omnibus
1426 2046 1765 2081 ovato-orbiculatis
1795 2046 1884 2079 inte-

325 2097 410 2140 gris,
428 2097 567 2131 corolla
583 2097 721 2140 majore
741 2099 762 2130 9
781 2097 894 2131 lineas
915 2097 1035 2140 longa,
1057 2096 1206 2140 capsula
1235 2095 1343 2129 hirta.
1366 2095 1492 2129 Facies
1513 2104 1657 2138 quoque
1683 2092 1719 2128 0.
1743 2092 1882 2137 stachy-

326 2144 447 2186 clifolii
464 2144 586 2178 radice
606 2144 756 2187 perenni
778 2149 812 2178 et
833 2143 1105 2178 characteribus
1125 2148 1295 2178 caeterum
1315 2142 1436 2177 alieni.

213 2260 299 2308 112,
333 2259 569 2309 Ipomaea
589 2258 861 2307 littoralis,
885 2257 993 2299 adde
1015 2271 1023 2299 :

372 2346 465 2380 Hah.
486 2347 521 2380 in
542 2346 694 2381 collibus
714 2347 875 2381 arenosis
896 2347 992 2381 circa
1012 2346 1138 2381 hortos
1158 2346 1204 2380 ad
1219 2345 1330 2381 Ssouf
1346 2351 1382 2380 et
1400 2345 1578 2380 Mandara
1593 2354 1708 2388 prope
1726 2343 1884 2378 Alexan—

326 2393 440 2427 driam
457 2394 610 2438 AEgypti
632 2394 817 2436 (Letourn.
841 2396 950 2433 1031).

210 2504 299 2549 113,
330 2505 424 2553 post
445 2502 485 2542 Ι.
507 2503 804 2553 palmatam
825 2503 961 2543 insere
983 2514 991 2542 ε

369 2590 407 2629 Ι.
431 2590 713 2640 eriocarpa
734 2590 804 2641 (R.
826 2590 898 2631 Br.
922 2590 1069 2631 Prodr.
1092 2590 1189 2641 484)
1210 2589 1397 2630 caulibus
1417 2587 1716 2629 scandentibus
1735 2586 1886 2627 herba-

315 2643 397 2683 ceis
418 2642 586 2690 villosis,
610 2642 716 2683 foliis
736 2655 863 2695 parce
891 2642 1063 2684 hirsutis
1091 2643 1214 2695 longe
1240 2642 1451 2694 petiolatis
1479 2641 1662 2682 cordatis
1695 2639 1885 2691 oblongis

314 2695 447 2736 acutis
468 2696 656 2746 integris,
679 2695 872 2748 capitulis
893 2695 1133 2736 axillaribus
1158 2694 1395 2747 paucifloris
1422 2694 1634 2735 interdum
1661 2692 1714 2733 ad
1740 2692 1882 2733 florem

314 2748 480 2788 unicum
519 2748 723 2797 reductis,
764 2748 935 2789 floribus
972 2748 1184 2790 sessilibus
1221 2748 1381 2800 parvis,
1420 2747 1603 2787 bracteis
1641 2745 1885 2786 lanceolatis

313 2801 456 2852 sepala
475 2801 710 2841 lanceolata
732 2801 1011 2853 aequantibus,
1040 2801 1195 2842 corolla
1222 2802 1342 2842 rosea
1373 2799 1669 2852 campanulata
1701 2798 1882 2850 calycem

314 2865 463 2904 parum
492 2854 731 2900 excedente,
762 2854 933 2905 capsula
957 2854 1304 2906 patenti-hirsuta
1331 2857 1389 2901 91.
1420 2852 1461 2894 Ι.
1490 2851 1745 2904 sessiliflora
1773 2850 1883 2891 Roth

314 2905 419 2947 Nov.
445 2905 516 2958 Sp.
544 2909 630 2947 116.
653 2930 705 2934 —
724 2906 870 2958 Wight
889 2907 1002 2948 Icon.
1027 2907 1114 2948 tab.
1140 2910 1229 2948 169.

372 2978 463 3012 Hah.
484 2979 519 3012 in
540 2979 647 3012 cultis
664 2978 869 3022 Affghaniae
889 2979 981 3013 inter
1002 2979 1096 3013 Thal
1118 2984 1152 3013 et
1169 2978 1306 3013 Kuram
1328 2980 1430 3013 5000'
1450 2977 1584 3021 (Aitch.
1605 2978 1673 3011 406
1683 2977 1718 3020 !).

373 3040 442 3075 Ar.
466 3040 606 3083 Geogr.
628 3041 741 3084 India,
761 3041 886 3075 Africa
905 3042 1056 3086 tropica.
