<?xml version="1.0" encoding="UTF-8"?>
<!DOCTYPE html PUBLIC "-//W3C//DTD XHTML 1.0 Transitional//EN"
    "http://www.w3.org/TR/xhtml1/DTD/xhtml1-transitional.dtd">
<html xmlns="http://www.w3.org/1999/xhtml" xml:lang="en" lang="en">
 <head>
  <title>
</title>
<meta http-equiv="Content-Type" content="text/html;charset=utf-8" />
  <meta name='ocr-system' content='tesseract 3.04.00' />
  <meta name='ocr-capabilities' content='ocr_page ocr_carea ocr_par ocr_line ocrx_word'/>
</head>
<body>
  <div class='ocr_page' id='page_1' title='image "./floraorientaliss00bois/floraorientaliss00bois_0182.png"; bbox 0 0 2094 3351; ppageno 0'>
   <div class='ocr_carea' id='block_1_1' title="bbox 212 219 1880 402">
    <p class='ocr_par' dir='ltr' id='par_1_1' title="bbox 212 219 1880 402">
     <span class='ocr_line' id='line_1_1' title="bbox 213 219 1880 258; baseline 0.002 -4"><span class='ocrx_word' id='word_1_1' title='bbox 213 219 281 254; x_wconf 76' lang='lat'>140</span> <span class='ocrx_word' id='word_1_2' title='bbox 985 232 1115 256; x_wconf 57' lang='lat' dir='ltr'>mnam.</span> <span class='ocrx_word' id='word_1_3' title='bbox 1738 222 1880 258; x_wconf 77' lang='lat' dir='ltr'>Linum.</span> 
     </span>
     <span class='ocr_line' id='line_1_2' title="bbox 212 301 282 334; baseline 0 -7"><span class='ocrx_word' id='word_1_4' title='bbox 212 301 282 334; x_wconf 71' lang='lat' dir='ltr'>Png.</span> 
     </span>
     <span class='ocr_line' id='line_1_3' title="bbox 213 353 939 402; baseline 0.001 -8"><span class='ocrx_word' id='word_1_5' title='bbox 213 356 306 400; x_wconf 88' lang='lat'><strong>864,</strong></span> <span class='ocrx_word' id='word_1_6' title='bbox 338 354 392 394; x_wconf 90' lang='lat' dir='ltr'>L.</span> <span class='ocrx_word' id='word_1_7' title='bbox 416 354 778 402; x_wconf 87' lang='lat' dir='ltr'>carnosulum,</span> <span class='ocrx_word' id='word_1_8' title='bbox 802 353 910 395; x_wconf 88' lang='lat' dir='ltr'>adde</span> <span class='ocrx_word' id='word_1_9' title='bbox 932 367 939 394; x_wconf 92' lang='lat'>:</span> 
     </span>
    </p>
   </div>
   <div class='ocr_carea' id='block_1_2' title="bbox 330 440 1885 673">
    <p class='ocr_par' dir='ltr' id='par_1_2' title="bbox 330 440 1885 673">
     <span class='ocr_line' id='line_1_4' title="bbox 377 440 1884 488; baseline 0.003 -14"><span class='ocrx_word' id='word_1_10' title='bbox 377 440 455 474; x_wconf 77' lang='lat' dir='ltr'>Huc</span> <span class='ocrx_word' id='word_1_11' title='bbox 477 440 594 475; x_wconf 88' lang='lat' dir='ltr'>refero</span> <span class='ocrx_word' id='word_1_12' title='bbox 616 441 812 484; x_wconf 85' lang='lat' dir='ltr'>specimina</span> <span class='ocrx_word' id='word_1_13' title='bbox 833 441 915 475; x_wconf 89' lang='lat' dir='ltr'>bina</span> <span class='ocrx_word' id='word_1_14' title='bbox 945 452 966 475; x_wconf 90' lang='lat' dir='ltr'>a</span> <span class='ocrx_word' id='word_1_15' title='bbox 993 442 1036 475; x_wconf 91' lang='lat' dir='ltr'>cl.</span> <span class='ocrx_word' id='word_1_16' title='bbox 1066 442 1257 486; x_wconf 85' lang='lat' dir='ltr'>Lagrange</span> <span class='ocrx_word' id='word_1_17' title='bbox 1290 452 1403 486; x_wconf 85' lang='lat' dir='ltr'><strong>prope</strong></span> <span class='ocrx_word' id='word_1_18' title='bbox 1432 442 1593 477; x_wconf 88' lang='lat' dir='ltr'>Balbeck</span> <span class='ocrx_word' id='word_1_19' title='bbox 1624 443 1659 477; x_wconf 93' lang='lat' dir='ltr'>in</span> <span class='ocrx_word' id='word_1_20' title='bbox 1691 443 1884 488; x_wconf 78' lang='lat' dir='ltr'>Caelesyria</span> 
     </span>
     <span class='ocr_line' id='line_1_5' title="bbox 332 487 1883 532; baseline 0.003 -11"><span class='ocrx_word' id='word_1_21' title='bbox 332 487 426 521; x_wconf 88' lang='lat' dir='ltr'>lecta</span> <span class='ocrx_word' id='word_1_22' title='bbox 453 487 616 521; x_wconf 88' lang='lat' dir='ltr'>caulibus</span> <span class='ocrx_word' id='word_1_23' title='bbox 642 488 859 523; x_wconf 88' lang='lat' dir='ltr'>firmioribus</span> <span class='ocrx_word' id='word_1_24' title='bbox 882 489 1196 532; x_wconf 87' lang='lat' dir='ltr'>3-4-pollicaribus</span> <span class='ocrx_word' id='word_1_25' title='bbox 1222 490 1324 532; x_wconf 84' lang='lat' dir='ltr'>apice</span> <span class='ocrx_word' id='word_1_26' title='bbox 1345 489 1549 524; x_wconf 88' lang='lat' dir='ltr'>dichotome</span> <span class='ocrx_word' id='word_1_27' title='bbox 1568 494 1603 524; x_wconf 90' lang='lat' dir='ltr'>et</span> <span class='ocrx_word' id='word_1_28' title='bbox 1631 489 1789 525; x_wconf 79' lang='lat' dir='ltr'>breviter</span> <span class='ocrx_word' id='word_1_29' title='bbox 1809 493 1883 525; x_wconf 84' lang='grc'><strong>2-3-</strong></span> 
     </span>
     <span class='ocr_line' id='line_1_6' title="bbox 332 534 1883 580; baseline 0.003 -13"><span class='ocrx_word' id='word_1_30' title='bbox 332 534 534 577; x_wconf 85' lang='lat' dir='ltr'>ramulosis,</span> <span class='ocrx_word' id='word_1_31' title='bbox 556 534 704 569; x_wconf 88' lang='lat' dir='ltr'>floribus</span> <span class='ocrx_word' id='word_1_32' title='bbox 722 545 764 569; x_wconf 88' lang='lat' dir='ltr'>ex</span> <span class='ocrx_word' id='word_1_33' title='bbox 784 535 897 569; x_wconf 75' lang='lat' dir='ltr'>axilla</span> <span class='ocrx_word' id='word_1_34' title='bbox 915 538 1083 579; x_wconf 77' lang='lat' dir='ltr'>suprema</span> <span class='ocrx_word' id='word_1_35' title='bbox 1105 542 1139 570; x_wconf 88' lang='lat' dir='ltr'>et</span> <span class='ocrx_word' id='word_1_36' title='bbox 1154 536 1331 570; x_wconf 87' lang='lat' dir='ltr'>interdum</span> <span class='ocrx_word' id='word_1_37' title='bbox 1347 546 1390 570; x_wconf 87' lang='lat' dir='ltr'>ex</span> <span class='ocrx_word' id='word_1_38' title='bbox 1408 536 1579 571; x_wconf 89' lang='lat' dir='ltr'>inferiore</span> <span class='ocrx_word' id='word_1_39' title='bbox 1596 539 1705 580; x_wconf 74' lang='lat' dir='ltr'>supra</span> <span class='ocrx_word' id='word_1_40' title='bbox 1724 536 1883 572; x_wconf 90' lang='lat' dir='ltr'>dichoto-</span> 
     </span>
     <span class='ocr_line' id='line_1_7' title="bbox 332 581 1885 627; baseline 0.003 -13"><span class='ocrx_word' id='word_1_41' title='bbox 332 581 436 614; x_wconf 89' lang='lat' dir='ltr'>miam</span> <span class='ocrx_word' id='word_1_42' title='bbox 458 581 640 623; x_wconf 85' lang='lat' dir='ltr'>solitariis,</span> <span class='ocrx_word' id='word_1_43' title='bbox 663 582 812 625; x_wconf 75' lang='lat' dir='ltr'>capsula</span> <span class='ocrx_word' id='word_1_44' title='bbox 829 584 959 626; x_wconf 73' lang='lat' dir='ltr'>magna</span> <span class='ocrx_word' id='word_1_45' title='bbox 980 583 1095 626; x_wconf 91' lang='lat' dir='ltr'>pisum</span> <span class='ocrx_word' id='word_1_46' title='bbox 1117 582 1192 618; x_wconf 84' lang='lat' dir='ltr'>fere</span> <span class='ocrx_word' id='word_1_47' title='bbox 1212 588 1408 626; x_wconf 82' lang='lat' dir='ltr'>superante</span> <span class='ocrx_word' id='word_1_48' title='bbox 1427 583 1578 627; x_wconf 77' lang='lat' dir='ltr'>globosa</span> <span class='ocrx_word' id='word_1_49' title='bbox 1595 586 1738 618; x_wconf 81' lang='lat' dir='ltr'>matura</span> <span class='ocrx_word' id='word_1_50' title='bbox 1755 584 1885 619; x_wconf 76' lang='lat' dir='ltr'>obtusa</span> 
     </span>
     <span class='ocr_line' id='line_1_8' title="bbox 330 627 1054 673; baseline 0.003 -12"><span class='ocrx_word' id='word_1_51' title='bbox 330 627 489 670; x_wconf 76' lang='lat' dir='ltr'>pendula</span> <span class='ocrx_word' id='word_1_52' title='bbox 511 628 688 671; x_wconf 86' lang='lat' dir='ltr'>pedicello</span> <span class='ocrx_word' id='word_1_53' title='bbox 710 639 860 663; x_wconf 88' lang='lat' dir='ltr'>recurvo</span> <span class='ocrx_word' id='word_1_54' title='bbox 882 629 1054 673; x_wconf 87' lang='lat' dir='ltr'>longiore.</span> 
     </span>
    </p>
   </div>
   <div class='ocr_carea' id='block_1_3' title="bbox 215 759 841 810">
    <p class='ocr_par' dir='ltr' id='par_1_3' title="bbox 215 759 841 810">
     <span class='ocr_line' id='line_1_9' title="bbox 215 759 841 810; baseline 0.003 -11"><span class='ocrx_word' id='word_1_55' title='bbox 215 761 306 805; x_wconf 84' lang='lat'><strong>865,</strong></span> <span class='ocrx_word' id='word_1_56' title='bbox 340 760 394 800; x_wconf 91' lang='lat' dir='ltr'>L.</span> <span class='ocrx_word' id='word_1_57' title='bbox 418 771 669 810; x_wconf 84' lang='lat' dir='ltr'>perenne,</span> <span class='ocrx_word' id='word_1_58' title='bbox 703 759 811 801; x_wconf 84' lang='lat' dir='ltr'>adde</span> <span class='ocrx_word' id='word_1_59' title='bbox 834 774 841 801; x_wconf 90' lang='lat'>:</span> 
     </span>
    </p>
   </div>
   <div class='ocr_carea' id='block_1_4' title="bbox 333 847 1886 939">
    <p class='ocr_par' dir='ltr' id='par_1_4' title="bbox 333 847 1886 939">
     <span class='ocr_line' id='line_1_10' title="bbox 379 847 1886 894; baseline 0.002 -13"><span class='ocrx_word' id='word_1_60' title='bbox 379 847 472 881; x_wconf 88' lang='lat' dir='ltr'>Hab.</span> <span class='ocrx_word' id='word_1_61' title='bbox 491 849 526 882; x_wconf 91' lang='lat' dir='ltr'>in</span> <span class='ocrx_word' id='word_1_62' title='bbox 548 850 708 883; x_wconf 86' lang='lat' dir='ltr'>Caucaso</span> <span class='ocrx_word' id='word_1_63' title='bbox 736 859 849 892; x_wconf 82' lang='lat' dir='ltr'>prope</span> <span class='ocrx_word' id='word_1_64' title='bbox 876 850 1048 893; x_wconf 81' lang='lat' dir='ltr'>Wasiany</span> <span class='ocrx_word' id='word_1_65' title='bbox 1076 849 1260 893; x_wconf 87' lang='lat' dir='ltr'>(Rehm.!),</span> <span class='ocrx_word' id='word_1_66' title='bbox 1285 850 1319 883; x_wconf 93' lang='lat' dir='ltr'>in</span> <span class='ocrx_word' id='word_1_67' title='bbox 1349 849 1543 894; x_wconf 73' lang='lat' dir='ltr'>Affghania</span> <span class='ocrx_word' id='word_1_68' title='bbox 1570 850 1663 884; x_wconf 87' lang='lat' dir='ltr'>inter</span> <span class='ocrx_word' id='word_1_69' title='bbox 1688 850 1824 884; x_wconf 87' lang='lat' dir='ltr'>Kuram</span> <span class='ocrx_word' id='word_1_70' title='bbox 1851 856 1886 885; x_wconf 88' lang='lat' dir='ltr'>et</span> 
     </span>
     <span class='ocr_line' id='line_1_11' title="bbox 333 895 1031 939; baseline 0.001 -11"><span class='ocrx_word' id='word_1_71' title='bbox 333 895 482 929; x_wconf 90' lang='lat' dir='ltr'>Alikhel</span> <span class='ocrx_word' id='word_1_72' title='bbox 504 905 617 939; x_wconf 87' lang='lat' dir='ltr'>usque</span> <span class='ocrx_word' id='word_1_73' title='bbox 637 895 682 929; x_wconf 81' lang='lat' dir='ltr'>ad</span> <span class='ocrx_word' id='word_1_74' title='bbox 706 898 828 929; x_wconf 85' lang='lat'>14000&#39;</span> <span class='ocrx_word' id='word_1_75' title='bbox 854 895 1031 939; x_wconf 89' lang='lat' dir='ltr'>(Aitch.!).</span> 
     </span>
    </p>
   </div>
   <div class='ocr_carea' id='block_1_5' title="bbox 605 1124 1504 1164">
    <p class='ocr_par' dir='ltr' id='par_1_5' title="bbox 605 1124 1504 1164">
     <span class='ocr_line' id='line_1_12' title="bbox 605 1124 1504 1164; baseline 0.001 -1"><span class='ocrx_word' id='word_1_76' title='bbox 605 1124 813 1164; x_wconf 76' lang='lat' dir='ltr'>ORDO</span> <span class='ocrx_word' id='word_1_77' title='bbox 866 1124 1040 1164; x_wconf 76' lang='lat' dir='ltr'>XXV.</span> <span class='ocrx_word' id='word_1_78' title='bbox 1093 1124 1504 1164; x_wconf 74' lang='lat' dir='ltr'><strong>OXALIDEAE</strong></span> 
     </span>
    </p>
   </div>
   <div class='ocr_carea' id='block_1_6' title="bbox 215 1304 1016 1352">
    <p class='ocr_par' dir='ltr' id='par_1_6' title="bbox 215 1304 1016 1352">
     <span class='ocr_line' id='line_1_13' title="bbox 215 1304 1016 1352; baseline 0 -7"><span class='ocrx_word' id='word_1_79' title='bbox 215 1307 307 1352; x_wconf 88' lang='lat'><strong>866,</strong></span> <span class='ocrx_word' id='word_1_80' title='bbox 342 1304 531 1344; x_wconf 86' lang='lat' dir='ltr'>Oxalis</span> <span class='ocrx_word' id='word_1_81' title='bbox 551 1306 856 1352; x_wconf 85' lang='lat' dir='ltr'>acetosella,</span> <span class='ocrx_word' id='word_1_82' title='bbox 879 1304 986 1345; x_wconf 89' lang='lat' dir='ltr'>adde</span> <span class='ocrx_word' id='word_1_83' title='bbox 1009 1318 1016 1345; x_wconf 93' lang='lat'><strong>:</strong></span> 
     </span>
    </p>
   </div>
   <div class='ocr_carea' id='block_1_7' title="bbox 334 1393 1883 1484">
    <p class='ocr_par' dir='ltr' id='par_1_7' title="bbox 334 1393 1883 1484">
     <span class='ocr_line' id='line_1_14' title="bbox 334 1393 1883 1483; baseline 0.002 -56"><span class='ocrx_word' id='word_1_84' title='bbox 334 1393 529 1483; x_wconf 36' lang='lat' dir='ltr'>wggffbffff</span> <span class='ocrx_word' id='word_1_85' title='bbox 558 1393 734 1480; x_wconf 54' lang='lat' dir='ltr'>unibrosis</span> <span class='ocrx_word' id='word_1_86' title='bbox 761 1394 857 1428; x_wconf 87' lang='lat' dir='ltr'>circa</span> <span class='ocrx_word' id='word_1_87' title='bbox 882 1394 996 1429; x_wconf 78' lang='lat' dir='ltr'>Rhize</span> <span class='ocrx_word' id='word_1_88' title='bbox 1023 1395 1128 1429; x_wconf 87' lang='lat' dir='ltr'>Ponti</span> <span class='ocrx_word' id='word_1_89' title='bbox 1155 1395 1274 1429; x_wconf 90' lang='lat' dir='ltr'>Lazici</span> <span class='ocrx_word' id='word_1_90' title='bbox 1303 1395 1441 1438; x_wconf 76' lang='lat' dir='ltr'>(Bal.n‚</span> <span class='ocrx_word' id='word_1_91' title='bbox 1467 1395 1627 1430; x_wconf 80' lang='lat' dir='ltr'>Caucaso</span> <span class='ocrx_word' id='word_1_92' title='bbox 1654 1396 1748 1430; x_wconf 90' lang='lat' dir='ltr'>omni</span> <span class='ocrx_word' id='word_1_93' title='bbox 1779 1397 1883 1430; x_wconf 85' lang='lat'>5500-</span> 
     </span>
     <span class='ocr_line' id='line_1_15' title="bbox 508 1452 614 1484; baseline 0 -10"><span class='ocrx_word' id='word_1_94' title='bbox 508 1452 586 1484; x_wconf 86' lang='lat' dir='ltr'>upr.</span> <span class='ocrx_word' id='word_1_95' title='bbox 608 1468 614 1474; x_wconf 92' lang='lat'><strong><em>.</em></strong></span> 
     </span>
    </p>
   </div>
   <div class='ocr_carea' id='block_1_8' title="bbox 218 1572 1195 1705">
    <p class='ocr_par' dir='ltr' id='par_1_8' title="bbox 218 1572 1195 1705">
     <span class='ocr_line' id='line_1_16' title="bbox 218 1572 937 1621; baseline 0.001 -9"><span class='ocrx_word' id='word_1_96' title='bbox 218 1575 311 1621; x_wconf 88' lang='grc'>866,</span> <span class='ocrx_word' id='word_1_97' title='bbox 347 1572 404 1612; x_wconf 92' lang='grc' dir='ltr'>Ο.</span> <span class='ocrx_word' id='word_1_98' title='bbox 428 1573 779 1621; x_wconf 84' lang='lat' dir='ltr'>corniculata,</span> <span class='ocrx_word' id='word_1_99' title='bbox 803 1572 937 1614; x_wconf 87' lang='lat' dir='ltr'>adde:</span> 
     </span>
     <span class='ocr_line' id='line_1_17' title="bbox 382 1659 1195 1705; baseline 0 -11"><span class='ocrx_word' id='word_1_100' title='bbox 382 1659 474 1694; x_wconf 83' lang='lat' dir='ltr'>Hab.</span> <span class='ocrx_word' id='word_1_101' title='bbox 494 1660 529 1694; x_wconf 91' lang='lat' dir='ltr'>in</span> <span class='ocrx_word' id='word_1_102' title='bbox 552 1660 713 1705; x_wconf 83' lang='lat' dir='ltr'>AEgypto</span> <span class='ocrx_word' id='word_1_103' title='bbox 735 1665 770 1694; x_wconf 88' lang='lat' dir='ltr'>et</span> <span class='ocrx_word' id='word_1_104' title='bbox 791 1660 944 1695; x_wconf 89' lang='lat' dir='ltr'>Oasibus</span> <span class='ocrx_word' id='word_1_105' title='bbox 966 1660 1148 1704; x_wconf 86' lang='lat' dir='ltr'>(Aschers.</span> <span class='ocrx_word' id='word_1_106' title='bbox 1162 1662 1195 1703; x_wconf 88' lang='lat'>!).</span> 
     </span>
    </p>
   </div>
   <div class='ocr_carea' id='block_1_9' title="bbox 545 1882 1565 1923">
    <p class='ocr_par' dir='ltr' id='par_1_9' title="bbox 545 1882 1565 1923">
     <span class='ocr_line' id='line_1_18' title="bbox 545 1882 1565 1923; baseline -0.002 0"><span class='ocrx_word' id='word_1_107' title='bbox 545 1883 753 1923; x_wconf 74' lang='lat' dir='ltr'><strong>ORDO</strong></span> <span class='ocrx_word' id='word_1_108' title='bbox 801 1883 1010 1922; x_wconf 77' lang='lat' dir='ltr'><strong>XXVI.</strong></span> <span class='ocrx_word' id='word_1_109' title='bbox 1064 1882 1565 1922; x_wconf 71' lang='lat' dir='ltr'>BALSAMINEAE</span> 
     </span>
    </p>
   </div>
   <div class='ocr_carea' id='block_1_10' title="bbox 217 2068 1196 2123">
    <p class='ocr_par' dir='ltr' id='par_1_10' title="bbox 217 2068 1196 2123">
     <span class='ocr_line' id='line_1_19' title="bbox 217 2068 1196 2123; baseline -0.002 -12"><span class='ocrx_word' id='word_1_110' title='bbox 217 2073 314 2118; x_wconf 84' lang='grc'>867,</span> <span class='ocrx_word' id='word_1_111' title='bbox 348 2072 647 2123; x_wconf 80' lang='lat' dir='ltr'>Impatiens</span> <span class='ocrx_word' id='word_1_112' title='bbox 667 2071 776 2111; x_wconf 86' lang='lat' dir='ltr'>noli</span> <span class='ocrx_word' id='word_1_113' title='bbox 795 2074 1035 2122; x_wconf 69' lang='lat' dir='ltr'>tangere,</span> <span class='ocrx_word' id='word_1_114' title='bbox 1059 2068 1166 2110; x_wconf 85' lang='lat' dir='ltr'>adde</span> <span class='ocrx_word' id='word_1_115' title='bbox 1188 2081 1196 2108; x_wconf 71' lang='grc' dir='ltr'><em>τ</em></span> 
     </span>
    </p>
   </div>
   <div class='ocr_carea' id='block_1_11' title="bbox 384 2156 1401 2200">
    <p class='ocr_par' dir='ltr' id='par_1_11' title="bbox 384 2156 1401 2200">
     <span class='ocr_line' id='line_1_20' title="bbox 384 2156 1401 2200; baseline -0.002 -7"><span class='ocrx_word' id='word_1_116' title='bbox 384 2159 476 2193; x_wconf 74' lang='lat' dir='ltr'>Hab.</span> <span class='ocrx_word' id='word_1_117' title='bbox 494 2160 529 2193; x_wconf 89' lang='lat' dir='ltr'>in</span> <span class='ocrx_word' id='word_1_118' title='bbox 547 2159 725 2193; x_wconf 88' lang='lat' dir='ltr'>umbrosis</span> <span class='ocrx_word' id='word_1_119' title='bbox 746 2159 841 2193; x_wconf 90' lang='lat' dir='ltr'>circa</span> <span class='ocrx_word' id='word_1_120' title='bbox 858 2158 972 2192; x_wconf 75' lang='lat' dir='ltr'>Rhize</span> <span class='ocrx_word' id='word_1_121' title='bbox 992 2157 1099 2191; x_wconf 84' lang='lat' dir='ltr'>Ponti</span> <span class='ocrx_word' id='word_1_122' title='bbox 1118 2157 1240 2191; x_wconf 89' lang='lat' dir='ltr'>Lazici</span> <span class='ocrx_word' id='word_1_123' title='bbox 1260 2156 1401 2200; x_wconf 58' lang='grc' dir='ltr'>(ΒΑΗ).</span> 
     </span>
    </p>
   </div>
   <div class='ocr_carea' id='block_1_12' title="bbox 221 2285 846 2337">
    <p class='ocr_par' dir='ltr' id='par_1_12' title="bbox 221 2285 846 2337">
     <span class='ocr_line' id='line_1_21' title="bbox 221 2285 846 2337; baseline -0.002 -7"><span class='ocrx_word' id='word_1_124' title='bbox 221 2292 313 2337; x_wconf 87' lang='lat'><strong>868,</strong></span> <span class='ocrx_word' id='word_1_125' title='bbox 347 2290 386 2329; x_wconf 94' lang='lat'>1.</span> <span class='ocrx_word' id='word_1_126' title='bbox 411 2285 685 2336; x_wconf 82' lang='lat' dir='ltr'>Lemanni,</span> <span class='ocrx_word' id='word_1_127' title='bbox 709 2288 816 2329; x_wconf 85' lang='lat' dir='ltr'>adde</span> <span class='ocrx_word' id='word_1_128' title='bbox 839 2301 846 2329; x_wconf 91' lang='lat'><strong>:</strong></span> 
     </span>
    </p>
   </div>
   <div class='ocr_carea' id='block_1_13' title="bbox 342 2373 1893 2467">
    <p class='ocr_par' dir='ltr' id='par_1_13' title="bbox 342 2373 1893 2467">
     <span class='ocr_line' id='line_1_22' title="bbox 342 2373 1893 2467; baseline -0.003 -56"><span class='ocrx_word' id='word_1_129' title='bbox 342 2377 478 2467; x_wconf 37' lang='lat'>2935).</span> <span class='ocrx_word' id='word_1_130' title='bbox 500 2378 536 2411; x_wconf 91' lang='lat' dir='ltr'>in</span> <span class='ocrx_word' id='word_1_131' title='bbox 556 2377 729 2421; x_wconf 85' lang='lat' dir='ltr'>lapidosis</span> <span class='ocrx_word' id='word_1_132' title='bbox 755 2377 801 2411; x_wconf 88' lang='lat' dir='ltr'>ad</span> <span class='ocrx_word' id='word_1_133' title='bbox 827 2378 913 2411; x_wconf 76' lang='lat' dir='ltr'>rivc-</span> <span class='ocrx_word' id='word_1_134' title='bbox 942 2376 1047 2411; x_wconf 87' lang='lat' dir='ltr'>vallis</span> <span class='ocrx_word' id='word_1_135' title='bbox 1076 2376 1211 2410; x_wconf 88' lang='lat' dir='ltr'>Kuram</span> <span class='ocrx_word' id='word_1_136' title='bbox 1243 2374 1446 2419; x_wconf 80' lang='lat' dir='ltr'>Affghaniae</span> <span class='ocrx_word' id='word_1_137' title='bbox 1476 2375 1617 2408; x_wconf 87' lang='lat'><strong>6-8000&#39;</strong></span> <span class='ocrx_word' id='word_1_138' title='bbox 1644 2373 1779 2417; x_wconf 83' lang='lat' dir='ltr'>(Aitch.</span> <span class='ocrx_word' id='word_1_139' title='bbox 1810 2375 1893 2408; x_wconf 88' lang='lat'><strong>587!</strong></span> 
     </span>
    </p>
   </div>
   <div class='ocr_carea' id='block_1_14' title="bbox 342 2485 1893 2579">
    <p class='ocr_par' dir='ltr' id='par_1_14' title="bbox 342 2485 1893 2579">
     <span class='ocr_line' id='line_1_23' title="bbox 386 2485 1893 2532; baseline -0.003 -9"><span class='ocrx_word' id='word_1_140' title='bbox 386 2490 513 2524; x_wconf 89' lang='lat' dir='ltr'>Flores</span> <span class='ocrx_word' id='word_1_141' title='bbox 535 2490 584 2523; x_wconf 79' lang='lat' dir='ltr'>eis</span> <span class='ocrx_word' id='word_1_142' title='bbox 606 2489 634 2523; x_wconf 95' lang='lat' dir='ltr'>I.</span> <span class='ocrx_word' id='word_1_143' title='bbox 665 2489 739 2523; x_wconf 64' lang='lat' dir='ltr'>*wli</span> <span class='ocrx_word' id='word_1_144' title='bbox 765 2493 906 2532; x_wconf 72' lang='lat' dir='ltr'>tanqere</span> <span class='ocrx_word' id='word_1_145' title='bbox 931 2488 1154 2522; x_wconf 83' lang='lat' dir='ltr'>subminores</span> <span class='ocrx_word' id='word_1_146' title='bbox 1180 2487 1364 2531; x_wconf 85' lang='lat' dir='ltr'>purpurei,</span> <span class='ocrx_word' id='word_1_147' title='bbox 1391 2486 1542 2530; x_wconf 86' lang='lat' dir='ltr'>capsula</span> <span class='ocrx_word' id='word_1_148' title='bbox 1568 2490 1721 2530; x_wconf 85' lang='lat' dir='ltr'>anguste</span> <span class='ocrx_word' id='word_1_149' title='bbox 1746 2485 1893 2520; x_wconf 84' lang='lat' dir='ltr'>linearis</span> 
     </span>
     <span class='ocr_line' id='line_1_24' title="bbox 342 2536 910 2579; baseline -0.004 -8"><span class='ocrx_word' id='word_1_150' title='bbox 342 2539 384 2571; x_wconf 87' lang='lat'>10</span> <span class='ocrx_word' id='word_1_151' title='bbox 403 2537 517 2571; x_wconf 87' lang='lat' dir='ltr'>lineas</span> <span class='ocrx_word' id='word_1_152' title='bbox 533 2536 638 2579; x_wconf 89' lang='lat' dir='ltr'>longa</span> <span class='ocrx_word' id='word_1_153' title='bbox 659 2536 910 2579; x_wconf 87' lang='lat' dir='ltr'>oligosperma.</span> 
     </span>
    </p>
   </div>
   <div class='ocr_carea' id='block_1_15' title="bbox 221 2669 973 2722">
    <p class='ocr_par' dir='ltr' id='par_1_15' title="bbox 221 2669 973 2722">
     <span class='ocr_line' id='line_1_25' title="bbox 221 2669 973 2722; baseline -0.003 -11"><span class='ocrx_word' id='word_1_154' title='bbox 221 2673 314 2718; x_wconf 89' lang='lat'><strong>868,</strong></span> <span class='ocrx_word' id='word_1_155' title='bbox 344 2674 438 2722; x_wconf 92' lang='lat' dir='ltr'>post</span> <span class='ocrx_word' id='word_1_156' title='bbox 460 2671 499 2710; x_wconf 94' lang='lat'>1.</span> <span class='ocrx_word' id='word_1_157' title='bbox 525 2669 783 2711; x_wconf 81' lang='lat' dir='ltr'>Lemanni</span> <span class='ocrx_word' id='word_1_158' title='bbox 806 2670 941 2710; x_wconf 86' lang='lat' dir='ltr'>insere</span> <span class='ocrx_word' id='word_1_159' title='bbox 963 2681 973 2709; x_wconf 90' lang='lat'>:</span> 
     </span>
    </p>
   </div>
   <div class='ocr_carea' id='block_1_16' title="bbox 328 2753 1897 3020">
    <p class='ocr_par' dir='ltr' id='par_1_16' title="bbox 328 2753 1897 3020">
     <span class='ocr_line' id='line_1_26' title="bbox 383 2753 1892 2809; baseline -0.003 -11"><span class='ocrx_word' id='word_1_160' title='bbox 383 2759 421 2798; x_wconf 92' lang='grc' dir='ltr'>Ι.</span> <span class='ocrx_word' id='word_1_161' title='bbox 456 2759 778 2809; x_wconf 85' lang='lat' dir='ltr'>amphorata</span> <span class='ocrx_word' id='word_1_162' title='bbox 808 2756 998 2809; x_wconf 84' lang='lat' dir='ltr'>(Edgew.</span> <span class='ocrx_word' id='word_1_163' title='bbox 1033 2756 1182 2797; x_wconf 83' lang='lat' dir='ltr'>Trans.</span> <span class='ocrx_word' id='word_1_164' title='bbox 1217 2755 1339 2796; x_wconf 83' lang='lat' dir='ltr'>Linn.</span> <span class='ocrx_word' id='word_1_165' title='bbox 1377 2754 1468 2796; x_wconf 87' lang='lat' dir='ltr'>Soc.</span> <span class='ocrx_word' id='word_1_166' title='bbox 1504 2754 1596 2802; x_wconf 88' lang='lat' dir='ltr'>XX,</span> <span class='ocrx_word' id='word_1_167' title='bbox 1631 2755 1698 2805; x_wconf 84' lang='lat'>39)</span> <span class='ocrx_word' id='word_1_168' title='bbox 1731 2753 1892 2806; x_wconf 85' lang='lat' dir='ltr'>glabra,</span> 
     </span>
     <span class='ocr_line' id='line_1_27' title="bbox 328 2806 1895 2862; baseline -0.003 -11"><span class='ocrx_word' id='word_1_169' title='bbox 328 2811 446 2852; x_wconf 87' lang='lat' dir='ltr'>caule</span> <span class='ocrx_word' id='word_1_170' title='bbox 465 2815 604 2852; x_wconf 89' lang='lat' dir='ltr'>erecto</span> <span class='ocrx_word' id='word_1_171' title='bbox 631 2809 917 2862; x_wconf 84' lang='lat' dir='ltr'>subpellucido</span> <span class='ocrx_word' id='word_1_172' title='bbox 943 2820 1122 2857; x_wconf 89' lang='lat' dir='ltr'>ramoso,</span> <span class='ocrx_word' id='word_1_173' title='bbox 1151 2808 1257 2849; x_wconf 89' lang='lat' dir='ltr'>foliis</span> <span class='ocrx_word' id='word_1_174' title='bbox 1287 2808 1458 2848; x_wconf 83' lang='lat' dir='ltr'>alternis</span> <span class='ocrx_word' id='word_1_175' title='bbox 1485 2806 1895 2859; x_wconf 85' lang='lat' dir='ltr'>elliptico-rhombeis</span> 
     </span>
     <span class='ocr_line' id='line_1_28' title="bbox 328 2859 1897 2916; baseline -0.003 -12"><span class='ocrx_word' id='word_1_176' title='bbox 328 2864 370 2904; x_wconf 84' lang='lat' dir='ltr'>iu</span> <span class='ocrx_word' id='word_1_177' title='bbox 389 2864 588 2916; x_wconf 91' lang='lat' dir='ltr'>petiolum</span> <span class='ocrx_word' id='word_1_178' title='bbox 608 2863 777 2903; x_wconf 88' lang='lat' dir='ltr'>brevem</span> <span class='ocrx_word' id='word_1_179' title='bbox 796 2862 887 2903; x_wconf 85' lang='lat' dir='ltr'>basi</span> <span class='ocrx_word' id='word_1_180' title='bbox 911 2861 1248 2913; x_wconf 81' lang='lat' dir='ltr'>biglandulosum</span> <span class='ocrx_word' id='word_1_181' title='bbox 1276 2861 1506 2902; x_wconf 83' lang='lat' dir='ltr'>attenuatis</span> <span class='ocrx_word' id='word_1_182' title='bbox 1536 2860 1716 2901; x_wconf 42' lang='lat' dir='ltr'>cremitis</span> <span class='ocrx_word' id='word_1_183' title='bbox 1743 2859 1897 2900; x_wconf 86' lang='lat' dir='ltr'>acumi-</span> 
     </span>
     <span class='ocr_line' id='line_1_29' title="bbox 330 2911 1897 2968; baseline -0.004 -11"><span class='ocrx_word' id='word_1_184' title='bbox 330 2917 453 2964; x_wconf 84' lang='lat' dir='ltr'>natis,</span> <span class='ocrx_word' id='word_1_185' title='bbox 473 2916 717 2968; x_wconf 85' lang='lat' dir='ltr'>pedunculis</span> <span class='ocrx_word' id='word_1_186' title='bbox 738 2914 791 2955; x_wconf 88' lang='lat' dir='ltr'>ad</span> <span class='ocrx_word' id='word_1_187' title='bbox 812 2914 956 2956; x_wconf 82' lang='lat' dir='ltr'>axillas</span> <span class='ocrx_word' id='word_1_188' title='bbox 977 2915 1211 2967; x_wconf 84' lang='lat' dir='ltr'>superiores</span> <span class='ocrx_word' id='word_1_189' title='bbox 1231 2913 1493 2955; x_wconf 86' lang='lat' dir='ltr'>umbellatim</span> <span class='ocrx_word' id='word_1_190' title='bbox 1513 2912 1751 2965; x_wconf 87' lang='lat' dir='ltr'>plurifioris‚</span> <span class='ocrx_word' id='word_1_191' title='bbox 1778 2911 1897 2952; x_wconf 85' lang='lat' dir='ltr'>brac-</span> 
     </span>
     <span class='ocr_line' id='line_1_30' title="bbox 329 2965 1897 3020; baseline -0.003 -10"><span class='ocrx_word' id='word_1_192' title='bbox 329 2970 407 3010; x_wconf 88' lang='lat' dir='ltr'>teis</span> <span class='ocrx_word' id='word_1_193' title='bbox 429 2968 799 3010; x_wconf 87' lang='lat' dir='ltr'>lineari-subulatis</span> <span class='ocrx_word' id='word_1_194' title='bbox 819 2967 1155 3020; x_wconf 87' lang='lat' dir='ltr'>persistentibus,</span> <span class='ocrx_word' id='word_1_195' title='bbox 1174 2966 1344 3008; x_wconf 88' lang='lat' dir='ltr'>floribus</span> <span class='ocrx_word' id='word_1_196' title='bbox 1362 2965 1601 3018; x_wconf 86' lang='lat' dir='ltr'>majusculis</span> <span class='ocrx_word' id='word_1_197' title='bbox 1619 2965 1762 3013; x_wconf 89' lang='lat' dir='ltr'>roseis,</span> <span class='ocrx_word' id='word_1_198' title='bbox 1780 2976 1897 3016; x_wconf 88' lang='lat' dir='ltr'>sepa-</span> 
     </span>
    </p>
   </div>
  </div>
 </body>
</html>
