2094 3351
210 213 253 249 ¹0
886 228 1201 253 RANUNCULACEAE.
1643 221 1884 257 Ranumxulus.

226 296 294 330 Pag.

323 350 411 393 lata,
445 351 645 394 carpellum
673 352 804 386 lineam
827 353 984 397 longum.
1006 354 1151 397 Species
1184 354 1280 389 foliis
1307 356 1456 400 insignis
1488 356 1701 400 imperfecte
1732 362 1820 392 nota
1852 363 1888 392 et

323 397 736 479 ἓΙὲἓτίιΙιεϋῖἓεει-ναηάα.
757 399 930 435 Affinitas
950 401 1117 444 quaedam
1139 412 1217 436 cum
1245 402 1292 437 R.
1310 403 1500 447 auricomo,
1527 403 1590 438 sed
1616 405 1695 439 axis
1725 404 1886 439 setulosa

412 455 434 488 g
453 455 473 478 a
549 472 555 479 .

231 584 297 628 40,
331 581 390 620 R.
413 582 786 632 arachnoides‚
810 582 919 624 addc
942 596 950 624 :

364 666 499 708 Fibra*
528 668 733 710 radicales
766 670 942 722 copiosae
974 670 1241 723 longissimae,
1274 671 1374 713 folia
1405 673 1626 714 cal-nosula
1654 685 1765 726 saepe
1789 685 1886 726 pur-

307 722 591 771 purascentia,
621 733 690 762 sca
722 723 734 762 i
762 724 923 763 arcuati
945 723 1244 766 decumbentes
1268 724 1460 774 1-5-fl0ri,
1482 725 1707 777 pedunculi
1728 730 1885 768 teretes

307 772 490 824 elongati
512 773 610 814 folia
628 786 687 814 ra(
707 775 829 815 icalia
849 777 914 815 vix
934 781 1197 828 superantes,
1221 777 1343 819 flores
1368 779 1524 830 magni,
1548 778 1731 831 car-pella
1754 779 1885 819 trian-

306 825 469 918 gularila
500 827 820 880 subcompressa
853 833 977 870 acute
1010 830 1201 870 carinata
1233 835 1369 871 rostro
1400 831 1513 872 brevi
1548 836 1664 872 recto
1696 831 1885 873 subhori-

309 883 433 919 zonta
452 880 479 919 i.

321 949 525 1041 (RHalein
552 952 738 987 schistosis
767 952 960 988 mobilibus
992 954 1103 988 totius
1131 954 1392 998 Daghestaniae
1424 960 1459 990 et
1483 955 1685 991 Tuschetiae
1718 957 1885 990 9-11000'

371 1008 466 1041 upr..
489 1025 495 1031 .

226 1138 292 1183 41,
323 1147 399 1187 pro
429 1137 487 1175 R.
519 1138 854 1188 brachylobo
877 1150 1016 1190 pone:

358 1223 416 1262 R.
437 1223 680 1263 Villarsii
701 1236 789 1265 var.
821 1241 857 1278 γ.
893 1224 1185 1278 braclzylobns.
1208 1249 1261 1254 —-
1285 1225 1343 1267 R.
1377 1225 1632 1268 Suanetc'cus
1655 1227 1788 1279 Rupr.
1817 1226 1880 1268 Fl.

305 1274 433 1316 Cauc.
457 1288 554 1328 pag.
579 1279 644 1325 21,
667 1277 754 1317 tab.
777 1277 810 1325 Ι,
835 1276 906 1329 fig.
931 1281 969 1319 3.

364 1347 498 1381 Forma
526 1348 696 1382 humilior
723 1355 758 1382 et
784 1348 893 1384 valde
919 1349 1106 1384 variabilis
1133 1350 1180 1385 R.
1215 1350 1376 1384 Villarsii
1403 1361 1425 1384 a
1451 1352 1599 1395 regione
1625 1351 1751 1395 alpina
1776 1352 1882 1386 Ponti

316 1394 438 1428 Lazici
461 1395 585 1436 (Bam)
609 1402 644 1429 et
675 1397 857 1431 Armeniae
884 1407 949 1440 per
970 1398 1169 1432 Caucasum
1199 1396 1246 1430 ad
1272 1397 1433 1432 Persiam
1463 1398 1646 1433 borealem
1674 1409 1787 1442 usque
1811 1398 1882 1433 fre-

318 1447 471 1484 quenter
488 1452 673 1477 occurens.

224 1585 290 1629 41,
322 1594 398 1634 pro
421 1583 478 1622 R.
502 1584 773 1625 acutilobo
794 1596 927 1637 pone:

359 1670 416 1709 R.
439 1671 683 1711 villarsii
709 1684 798 1712 var.
821 1673 856 1713 δ.
879 1672 1032 1725 major.
1054 1696 1106 1700 —
1126 1672 1267 1714 Caulis
1293 1672 1454 1725 pedalis
1475 1676 1518 1714 et
1543 1672 1693 1714 elatior
1714 1671 1883 1725 l-pluri-

305 1722 430 1764 florus
458 1723 656 1775 adpresse
681 1724 883 1772 hirsutus,
909 1724 1005 1766 folia
1033 1729 1098 1766 1-2
1120 1726 1289 1778 pollices
1319 1725 1525 1767 diametro
1544 1725 1646 1766 lata.
1668 1725 1727 1767 R.
1749 1725 1883 1767 acuti-

306 1775 424 1817 Iobus
444 1776 601 1819 Ledeb.
625 1802 675 1806 -—
691 1777 749 1819 R.
773 1778 1090 1820 cwutz‘deutatus
1110 1779 1242 1832 Rupr.
1266 1778 1329 1820 Fl.
1352 1778 1480 1820 Cauc.
1503 1791 1545 1831 p.
1567 1781 1617 1820 22
1638 1782 1682 1819 et
1701 1778 1790 1819 tab.
1814 1781 1852 1820 3.

293 1894 315 1928 l.
347 1847 789 1938 }1?3.inhl)raghestania
806 1860 916 1894 supra
939 1850 1056 1885 Ganib
1077 1850 1231 1895 (Rupr.),
1252 1861 1364 1894 supra
1385 1851 1482 1886 Guro
1501 1850 1646 1892 (Radde
1659 1851 1682 1895 1)
1700 1850 1737 1885 in
1755 1851 1880 1886 Carta-

307 1905 379 1929 lma
448 1902 503 1930 rot
537 1903 593 1938 ..).

361 1960 565 2003 Specimina
582 1960 734 1995 hirsutie
752 1960 798 1995 ad
818 1960 863 1995 R.
885 1960 1031 1996 Gonani
1050 1962 1287 2006 Pyrenaicum
1307 1971 1450 2006 quoque
1470 1961 1659 1996 accedunt.

358 2097 416 2135 R.
450 2097 695 2137 Villarsii
724 2109 812 2138 var.
848 2115 880 2139 ε.
915 2097 1161 2139 Baidccroe?
1192 2121 1242 2126 —-
1273 2098 1424 2139 Elatus
1459 2098 1523 2139 vel
1560 2097 1728 2140 humilis
1761 2097 1881 2139 caule

301 2148 580 2191 decumbente
615 2150 680 2191 vel
716 2151 930 2199 inclinato,
962 2150 1062 2192 folia
1086 2151 1263 2203 sparsim
1284 2151 1418 2203 pilosa
1443 2152 1593 2203 saepius
1612 2162 1768 2202 magna
1786 2163 1881 2203 pro-

302 2200 430 2243 funde
462 2207 504 2243 et
536 2207 659 2244 acute
695 2204 825 2244 incisa
856 2204 960 2244 lobis
998 2203 1250 2245 basilaribus
1288 2205 1438 2256 saepius
1475 2203 1645 2245 dissitis.
1686 2203 1717 2245 C
1799 2203 1881 2245 ella

300 2255 534 2350 maggsctlssls}
553 2263 690 2350 r208tr0
711 2256 832 2297 valde
849 2257 1063 2298 uncinato.
1086 2280 1138 2285 ——
1165 2257 1224 2298 R.
1252 2257 1462 2298 Baidaroe
1490 2257 1622 2309 Rupr.
1653 2256 1717 2298 Fl.
1784 2268 1876 2298 auc.

300 2320 326 2359 p
359 2341 453 2414 Hal).
478 2381 512 2414 in
533 2381 735 2424 subalpinis
763 2381 809 2415 ad
836 2381 990 2415 rivulum
1021 2381 1181 2416 Baidara
1210 2382 1362 2417 Ossetiae
1391 2391 1507 2426 prope
1535 2381 1630 2415 Kobi
1650 2382 1754 2416 6000'
1776 2381 1876 2424 (C.A.

314 2427 420 2472 Mey.,
438 2428 621 2471 Kolenati,
640 2429 782 2472 Rupr.).
804 2429 860 2463 Ex
881 2429 983 2463 icone
1001 2434 1036 2463 et
1054 2428 1299 2473 descriptione
1315 2429 1395 2464 haec
1415 2428 1532 2464 forma.
1551 2439 1658 2473 quam
1676 2439 1748 2463 non
1767 2428 1839 2463 vidi
1856 2438 1879 2462 a

312 2474 357 2509 R.
388 2475 545 2510 Villarsii
564 2475 731 2519 specifice
751 2486 822 2509 non
838 2475 985 2511 differre
1006 2476 1162 2510 videtur.

220 2614 287 2660 42,
321 2612 380 2651 R.
403 2612 693 2663 demissus,
716 2613 825 2654 adde
844 2613 955 2655 locos
980 2625 988 2653 :

358 2702 452 2736 Hab.
474 2703 509 2736 in
532 2703 715 2737 montibus
736 2703 912 2738 Drakona
939 2704 1056 2739 Cretae
1079 2703 1270 2746 (Reverch.
1292 2703 1357 2738 sub
1384 2703 1429 2738 R.
1452 2704 1634 2747 brevifolio
1647 2703 1684 2748 !),
1709 2704 1745 2738 in
1772 2703 1877 2739 vallis

311 2748 448 2784 Kuram
469 2749 675 2794 Affghaniae
695 2757 815 2785 monte
832 2751 997 2786 Silcaram
1018 2753 1143 2785 13500'
1165 2751 1299 2794 (Aitch.
1321 2753 1404 2794 123,
1426 2761 1497 2785 non
1516 2751 1615 2795 vidi).

221 2891 287 2936 43,
318 2889 376 2928 R.
404 2889 721 2939 Sibthorpii,
741 2888 876 2930 adde:

360 2975 453 3010 Hab.
475 2976 510 3010 in
530 2982 653 3010 monte
675 2975 739 3010 Ida
757 2976 911 3011 Troadis
933 2977 1036 3013 (Sint.
1057 2978 1125 3010 740
1142 2976 1176 3020 !).
