2115 3250
200 232 439 267 Ranunculus.
876 241 1192 266 RANUNCULACEAE.
1832 233 1868 266 11

215 310 290 411 ἓξ,
323 363 381 403 R.
404 362 602 411 Huetii,
624 361 732 403 adde
754 374 762 402 ε

357 466 393 503 γ.
424 449 621 491 Lazicus.
649 440 940 498 —'Hi1·sutus,
961 450 1090 490 caulis
1114 450 1263 490 elatior
1282 448 1490 490 flexuosus
1510 449 1775 501 semipedalis
1790 453 1875 491 2-5-

305 501 447 543 florus.
468 526 521 531 —
539 502 597 543 R.
620 502 804 544 Lazzsscns
820 503 953 543 Boiss.
976 503 1017 542 in
1037 502 1129 543 Bal.
1153 514 1238 543 exs.
1265 505 1380 543 1866.

364 574 457 608 Hab.
478 574 514 608 in
533 574 665 617 alpinis
685 574 732 608 ad
751 574 1008 608 Tcharantach
1026 574 1131 608 Ponti
1152 574 1274 608 Lazici
1294 575 1397 607 7500'
1418 574 1555 617 (Ball).

358 638 394 678 δ.
428 637 648 690 Bomyoee'.
682 661 733 665 —
764 637 895 678 Parce
932 637 1088 688 pilosus
1126 637 1189 678 vel
1228 637 1508 687 glabrescfflis,
1547 637 1693 688 planta
1726 637 1874 688 major,

306 689 496 730 foliorum
517 694 735 741 segmenta
760 691 802 730 in
823 690 994 731 lacinias
1021 690 1191 731 latiores
1212 690 1613 741 oblongo-cuneatas
1634 690 1794 741 partita
1813 690 1877 730 vel

306 746 435 783 secta.
454 766 506 771 —
525 742 582 784 R.
601 743 806 796 Bouryaei
824 742 958 783 Boiss.
982 742 1043 783 Fl.
1071 742 1143 784 Or.
1166 742 1200 791 I,
1223 755 1264 794 p.
1287 746 1353 783 43.

364 812 456 846 Hab.
475 813 510 846 in
530 813 703 847 Armenia
722 823 836 856 prope
854 813 1037 847 Gumusch
1058 813 1187 847 Khane
1206 813 1352 856 (Bourg.
1366 813 1400 856 1),
1421 813 1456 846 in
1477 813 1592 846 Ponto
1611 812 1743 846 Lazico
1762 822 1877 855 prope

318 859 443 903 Djimil
460 862 565 894 8400'
581 860 673 902 (Bal.
688 861 722 903 !).

357 938 389 963 ε.
426 921 657 975 riyiduws.
698 946 750 950 —
783 922 1045 963 Varietatem
1080 926 1116 976 β.
1151 921 1478 974 ,qlabreseentem
1503 921 1647 970 refert,
1677 920 1752 962 sed
1781 920 1879 961 folia

304 974 470 1015 omnino
485 975 634 1026 glabra
647 975 806 1016 laciniis
821 976 1118 1027 angustissime
1137 975 1363 1016 linearibus
1381 975 1650 1016 acutiusculis
1671 974 1875 1025 rigidulis.

303 1050 355 1055 —
373 1026 432 1068 R.
454 1027 670 1079 riqidulus
690 1028 823 1070 Boiss.
844 1029 885 1068 in
906 1028 998 1069 Bal.
1022 1041 1107 1069 exs.
1134 1031 1250 1069 1866.

364 1097 456 1132 Hab.
476 1099 513 1132 in
532 1098 679 1142 regione
698 1099 823 1142 alpina
840 1100 1027 1142 superiore
1048 1099 1154 1133 Ponti
1173 1099 1296 1133 Lazici
1317 1109 1428 1142 supra
1448 1098 1575 1142 Djimil
1594 1099 1699 1132 9000'
1716 1097 1855 1141 (Ball).

364 1161 495 1197 Omnes
511 1161 637 1196 formae
650 1163 710 1197 hic
724 1168 945 1198 enumeratae
962 1164 1067 1198 unius
1087 1163 1220 1207 speciei
1234 1163 1431 1197 varietates
1452 1173 1530 1197 esse
1546 1162 1714 1196 videntur
1731 1162 1778 1196 ab
1799 1161 1878 1196 affi-

316 1208 421 1243 nibus
438 1209 484 1244 R.
505 1209 703 1254 Sibthorpii
722 1216 758 1245 et
777 1210 1010 1245 Szowitzz‘ano
1025 1211 1196 1254 carpellis
1213 1210 1373 1245 breviter
1391 1210 1570 1244 uncinatis
1590 1220 1656 1244 nec
1671 1210 1879 1244 circinnatis

318 1256 481 1291 diversae.
515 1257 687 1301 Carpella
721 1259 877 1292 omnium
914 1268 1030 1302 parva
1061 1257 1191 1302 glabra
1228 1257 1385 1292 obovata
1417 1257 1695 1301 subcompressa
1732 1256 1880 1301 oblique

319 1309 479 1338 rostrata
499 1305 659 1348 margine
675 1304 818 1339 obtuso.

226 1439 291 1485 44,
327 1440 422 1489 post
443 1438 501 1477 R.
526 1437 883 1478 Caucasicum
903 1438 1039 1478 insere
1063 1449 1071 1476 :

361 1524 417 1564 R.
437 1525 761 1564 Raddeanus
782 1524 930 1577 (Regel
956 1524 1049 1565 Ind.
1072 1524 1196 1565 Hort.
1224 1524 1393 1576 Petrop.
1421 1524 1539 1575 1865)
1565 1524 1881 1577 villoso-pubes-

307 1587 418 1625 cens,
453 1577 557 1618 collo
582 1577 814 1618 incrassato
844 1577 1010 1626 fibroso,
1049 1578 1167 1618 caule
1199 1577 1433 1629 spithameo
1468 1577 1740 1629 3-plurifl0r0,
1772 1577 1879 1618 foliis

305 1629 558 1671 radicalibus
579 1630 740 1671 ambitu
760 1630 1002 1671 orbiculatis
1023 1630 1205 1671 trisectis
1219 1633 1438 1681 segmento
1451 1630 1701 1670 intermedio
1714 1630 1880 1682 longius

305 1682 551 1734 petiolulato
579 1683 770 1724 omnibus
800 1683 843 1724 in
872 1683 1044 1724 lacinias
1073 1687 1272 1724 cuneatas
1301 1682 1464 1723 trifidas
1492 1683 1675 1734 partitis,
1704 1683 1879 1724 caulinis

303 1736 447 1786 paucis
465 1736 506 1776 ln
526 1736 697 1776 lacinias
717 1736 894 1777 lineares
914 1736 1115 1777 indivisas
1135 1736 1199 1777 vel
1220 1735 1416 1776 dentatas
1436 1736 1618 1788 partitis,
1640 1736 1792 1788 sepalis
1806 1736 1881 1776 vil-

307 1788 419 1837 losis,
449 1789 515 1828 axi
546 1789 745 1837 setulosa,
779 1789 969 1841 carpellis
993 1789 1227 1842 junioribus
1254 1789 1758 1841 lenticulari-compressis
1784 1790 1880 1830 stri-

307 1841 567 1893 goso-pilosis
583 1845 719 1882 rostro
740 1842 863 1894 longo
883 1842 1081 1883 uncinato
1102 1842 1340 1883 terminatis
1367 1845 1425 1890 Q.

365 1912 457 1946 Hab.
475 1913 512 1946 in
528 1915 650 1948 monte
673 1913 858 1948 Dadiaseh
878 1914 986 1948 vallis
1012 1914 1305 1949 Zchenis-tchale
1325 1914 1483 1958 regionis
1511 1914 1654 1950 Suaniae
1673 1913 1879 1949 Caucasicae

319 1959 462 2002 (Radde
478 1959 513 2004 !).
530 1960 614 1994 Vidi
631 1961 716 1994 olim
733 1961 770 1995 in
786 1961 889 1995 herb.
906 1961 1011 1995 Hort.
1032 1962 1178 2005 Petrop.

364 2023 421 2057 Ex
447 2025 641 2067 specimine
668 2024 776 2059 valde
806 2026 1026 2069 incompleto
1058 2030 1199 2060 tantum
1232 2032 1352 2060 notus.
1384 2026 1435 2061 Cl.
1465 2026 1656 2069 Ruprecht
1685 2026 1740 2060 Fl.
1771 2026 1880 2061 Cauc.

318 2081 353 2115 p.
373 2073 417 2105 25
434 2071 529 2106 hunc
546 2076 682 2116 praeter
700 2073 863 2116 carpello,
880 2073 1171 2117 strigoso-pilosa
1188 2073 1234 2107 R.
1258 2073 1450 2109 caueae-ico
1471 2073 1616 2108 affinem
1636 2079 1815 2109 autumat.

226 2209 292 2255 45,
322 2211 419 2258 post
440 2207 498 2246 R.
524 2207 920 2248 diversifolium
940 2208 1077 2249 insere
1101 2221 1108 2249 :

361 2295 418 2334 R.
442 2295 890 2336 astrantiaefolius
910 2295 1061 2342 (Boiss.
1085 2300 1127 2337 et
1147 2296 1238 2337 Bal.
1261 2297 1303 2337 in
1324 2296 1416 2337 Bal.
1435 2308 1520 2338 exs.
1543 2297 1660 2347 1866)
1678 2297 1882 2349 glabr-ius-

307 2347 438 2396 culus,
465 2347 697 2389 rhizomate
717 2348 883 2401 obliquo
903 2361 1145 2401 praemorso,
1169 2349 1271 2390 collo
1299 2350 1426 2390 dense
1449 2349 1616 2398 fibi-oso,
1643 2349 1748 2390 foliis
1771 2350 1883 2390 radi-

307 2400 466 2441 calibus
492 2404 535 2441 et
559 2400 732 2441 caulinis
753 2401 1018 2442 inferioribus
1044 2402 1226 2443 trisectis
1246 2403 1476 2454 segmentis
1503 2415 1528 2442 a
1552 2403 1643 2443 basi
1671 2403 1883 2455 subpetio-

306 2452 440 2493 lulata
465 2455 644 2494 cuneata
669 2453 1077 2495 obovato-rhombeis
1103 2455 1255 2496 Iobatis
1285 2460 1328 2496 et
1354 2455 1613 2496 acutiuscule
1632 2455 1883 2496 inciso-den-

307 2506 422 2554 tatis,
452 2505 559 2547 foliis
587 2506 870 2558 superioribus
895 2507 938 2548 in
964 2507 1137 2548 lacinias
1165 2508 1252 2548 late
1283 2508 1461 2549 lineares
1496 2508 1693 2549 dentatas
1724 2508 1879 2556 divisis,

307 2558 425 2599 caule
459 2559 734 2600 crassiusculo
770 2559 958 2600 1-2-fi01·o
992 2560 1138 2600 humili
1167 2561 1232 2602 vel
1265 2561 1375 2602 elato
1409 2561 1644 2602 dichotome
1674 2561 1879 2609 3-5-floro‚

306 2611 458 2662 sepalis
477 2622 604 2663 parce
622 2612 764 2664 pilosis
783 2613 1041 2664 patentibus,
1063 2613 1213 2665 petalis
1244 2617 1338 2655 5-10
1365 2614 1517 2662 aureis,
1548 2615 1673 2666 spicae
1699 2614 1882 2666 globosae

306 2664 374 2704 axi
400 2663 578 2713 hirsuta,
612 2664 804 2716 carpellis
861 2665 976 2706 aucis
1007 2666 1248 2717 majusculis
1282 2667 1438 2718 glabris
1470 2667 1710 2708 semiovatis
1744 2670 1881 2707 rostro

305 2716 564 2768 longiusculo
601 2717 772 2758 incurvo
805 2729 828 2758 0
861 2717 973 2770 liquo
1008 2719 1245 2760 terminatis
1282 2720 1473 2771 margine
1504 2720 1785 2760 subcarinatis
1821 2723 1878 2766 91.

305 2768 363 2810 R.
387 2768 642 2811 Cauca-sicus
661 2773 698 2824 β.
721 2769 1082 2823 αεΐναηέὶῑείοῐὶηε
1101 2772 1232 2824 Rupr.
1256 2771 1319 2812 Fl.
1343 2772 1470 2813 Caua.
1494 2785 1535 2824 p.
1559 2775 1625 2814 25.

366 2839 461 2874 Hah.
487 2841 524 2874 in
542 2841 689 2884 regione
709 2841 835 2884 alpina
855 2846 890 2875 et
910 2841 1105 2885 subalpina
1126 2842 1231 2876 Ponti
1251 2843 1374 2877 Lazici
1402 2844 1498 2877 circa
1525 2843 1651 2887 Djimil
1670 2845 1882 2878 5700-8400'

320 2886 458 2930 (Bau),
478 2887 514 2921 in
533 2887 715 2922 montibus
731 2889 908 2923 Imeretiae
928 2888 986 2932 (ex
1005 2889 1119 2932 Rupr.
1141 2890 1197 2923 Fl.
1218 2890 1352 2933 Caua).

366 2949 551 2984 Foliorum
579 2950 790 2985 inferiorum
817 2951 962 2985 laminae
992 2951 1128 2986 ambitu
1157 2952 1380 2987 orbiculares
1403 2952 1510 2993 1'l2-3
1539 2953 1627 2997 poll.
1649 2953 1755 2988 diam.
1782 2954 1880 2997 latae,

320 2994 428 3031 flores
447 2997 567 3041 magni
586 2998 699 3041 aurei,
714 2998 827 3033 caulis
848 2999 903 3032 vel
925 2999 1081 3042 pumilus
1098 2998 1272 3035 uniflorus
1292 3000 1349 3034 vel
1373 3003 1425 3034 1-1
1444 2999 1642 3044 ¹s'2-pedalis
1659 3000 1881 3045 pluriflorus.
