2115 3250
230 187 432 233 Trifolium.
927 198 1184 223 LEGUMINOSAE.
1825 191 1889 225 167

231 266 299 299 Pag.

231 320 318 366 116,
349 318 401 358 T.
427 317 655 365 OttoniS‚
678 316 786 357 adde
808 329 816 357 :

389 404 482 438 Hab.
502 404 538 438 in
555 404 703 448 regione
723 403 848 447 alpina
867 404 996 438 montis
1019 403 1144 438 Korax
1165 404 1314 438 AEtoliae
1341 406 1480 439 6-7700‘
1501 404 1637 447 (Heldr.
1653 407 1687 447 !).

387 468 563 503 Rhizoma
584 478 742 503 crassum
763 467 872 503 breve
891 468 1079 512 lignosum.

228 598 316 644 122,
346 599 441 648 post
460 597 512 636 T.
536 596 815 636 stellatum
835 596 969 636 insere
993 609 1001 636 :

221 1688 309 1734 123,

219 1964 306 2010 124,

219 2167 306 2213 126,

218 2374 305 2420 127,

216 2819 303 2868 128,

379 682 432 721 T.
453 682 779 722 xanthinum
801 681 954 734 (Freyn
974 682 1015 722 in
1035 682 1172 724 Uhlw.
1194 682 1289 723 Bot.
1317 682 1460 723 Centr.
1489 682 1553 723 Bl.
1572 680 1701 731 1880,
1725 696 1765 735 p.
1796 683 1890 734 308)

327 733 525 786 adpresse
543 734 747 783 villosum,
779 734 965 775 caulibus
992 734 1328 783 ascendentibus,
1363 735 1526 787 stipulis
1561 736 1890 776 membranaceis

327 786 519 828 elevatim
539 787 723 828 nervosis
756 786 809 827 ad
834 787 1016 827 medium
1046 799 1177 839 usque
1203 788 1391 828 connatis
1411 792 1532 839 parte
1552 788 1684 829 libera
1703 789 1891 829 obovatis

327 843 370 880 et
385 840 522 880 antice
540 843 691 891 argute
708 839 990 887 denticulatis,
1013 839 1161 880 foliolis
1177 840 1359 881 breviter
1377 840 1632 891 petiolulatis
1653 841 1890 881 obcordatis

326 892 496 932 minutis
516 892 748 932 lateraliter
766 892 941 943 integris
962 892 1078 944 apice
1098 893 1258 934 minute
1279 893 1560 942 denticulatis,
1584 894 1776 945 capitulis
1797 906 1891 934 ova-

328 945 380 985 tis
400 944 571 985 tandem
596 944 895 996 subelongatis,
926 945 1076 998 calycis
1105 945 1159 985 ad
1185 945 1345 986 faucem
1379 946 1531 986 annulo
1561 946 1738 997 pilorum
1768 946 1891 987 obsiti

325 996 447 1049 longe
465 997 583 1049 pilosi
605 996 799 1038 dentibus
818 997 1275 1039 lanceolato-subulatis
1296 998 1467 1039 tandem
1489 999 1890 1050 erecto-patentibus

327 1049 427 1090 tubo
458 1049 584 1102 tn'plo
609 1049 880 1101 longioribus,
904 1050 1058 1090 corolla
1082 1050 1322 1103 sulphurea,
1349 1051 1497 1091 vexillo
1525 1051 1719 1102 elongato
1752 1052 1892 1104 calyce

326 1102 476 1154 quarta¹
495 1105 617 1154 parte
636 1102 822 1154 longiore
843 1104 907 1151 Θ.

383 1171 702 1262 Ηαῗᾘίῗᾱιῖᾘξοὶὶω
719 1176 840 1206 monte
857 1172 1163 1217 Arapokephalos
1182 1183 1297 1217 prope
1317 1174 1487 1218 Agrinias
1508 1178 1544 1208 et
1560 1174 1596 1207 in
1614 1173 1778 1208 faucibus
1798 1174 1891 1208 Klis-

337 1229 422 1254 sura
493 1229 511 1254 e
555 1230 600 1253 r..
621 1246 628 1253 .

383 1283 511 1318 Caules
546 1283 877 1328 6-10-pollicares,
915 1284 1076 1328 capitula
1113 1284 1258 1318 tandem
1296 1285 1586 1328 sesquipollicem
1625 1285 1745 1329 longa,
1783 1284 1890 1320 flores

336 1331 357 1364 9
377 1330 490 1365 lineas
510 1330 620 1375 longi.
639 1331 783 1374 Species
803 1331 958 1374 stipulis,
978 1330 1124 1375 foliolis,
1148 1331 1271 1376 calyce
1292 1332 1425 1366 annulo
1445 1332 1600 1376 pilorum
1621 1332 1744 1366 clauso
1772 1332 1890 1366 affinis

338 1378 374 1412 Τ.
394 1378 533 1412 stellato
552 1388 574 1412 a
593 1387 663 1421 quo
684 1377 804 1413 differt
824 1378 963 1412 corolla
980 1378 1178 1422 sulphurea
1192 1389 1258 1413 nec
1277 1380 1393 1423 rosea,
1409 1378 1576 1413 dentibus
1592 1379 1762 1423 calycinis
1776 1380 1889 1414 multo

336 1424 559 1459 tenuioribus
589 1430 624 1459 et
656 1424 734 1459 tubi
771 1425 1006 1468 proportione
1040 1425 1263 1469 longioribus
1300 1430 1381 1469 post
1413 1426 1579 1460 anthesin
1610 1437 1681 1460 non
1714 1427 1889 1461 stellatim

337 1471 558 1514 patentibus.
578 1471 715 1506 Habitu
742 1472 855 1516 magis
875 1471 989 1506 refert
1011 1472 1048 1506 T.
1068 1472 1296 1507 incarnatum
1317 1483 1392 1507 var.
1411 1473 1582 1507 Molinerz'
1602 1474 1771 1517 capitulis
1795 1474 1891 1508 elon-

337 1518 441 1562 gatis,
462 1518 596 1563 calycis
616 1518 782 1553 dentibus
800 1519 879 1553 tubi
895 1518 1001 1554 fauce
1020 1519 1106 1553 nudi
1125 1520 1360 1563 proportione
1374 1520 1487 1554 multo
1507 1520 1732 1555 brevioribus
1748 1521 1889 1565 longius

339 1565 489 1600 distans.

340 1687 393 1726 T.
419 1687 728 1737 Desvauxii,
753 1686 860 1728 adde
884 1700 891 1728 :

379 1768 473 1803 Hab.
493 1769 540 1804 ad
556 1770 665 1804 maris
687 1770 813 1805 littora
833 1780 949 1814 prope
968 1770 1089 1804 Davlu
1105 1770 1232 1805 insulae
1253 1771 1361 1816 Cypri
1383 1770 1484 1815 (Sint.
1507 1776 1543 1806 et
1562 1771 1653 1816 Rigo
1666 1773 1700 1816 !).

381 1832 587 1867 Varietates
607 1833 642 1867 in
663 1833 717 1868 Fl.
740 1833 800 1869 Or.
822 1839 1043 1869 enumeratae
1064 1834 1182 1869 altera
1201 1835 1236 1869 in
1255 1835 1407 1870 alteram
1428 1840 1629 1870 transeunt.

336 1963 390 2003 T.
412 1963 727 2013 formosum,
751 1964 859 2006 adde
881 1978 889 2006 :

380 2044 472 2079 Hab.
489 2045 525 2079 in
545 2046 707 2091 AEgypto
729 2046 775 2081 ad
795 2046 1058 2082 Alexandriam
1081 2047 1266 2092 (Letourn.
1282 2048 1315 2092 !).

338 2165 390 2206 T.
415 2167 684 2216 Latinum,
707 2167 816 2209 adde
838 2181 846 2209 :

377 2247 470 2282 Hab.
490 2248 526 2282 in
542 2253 664 2284 monte
681 2249 770 2284 Tom
790 2250 823 2284 N
826 2250 887 2285 iha
907 2250 1037 2286 Libani
1054 2253 1226 2287 australis
1243 2253 1338 2296 (Ball
1351 2254 1383 2297 !).

336 2373 389 2412 T.
412 2373 842 2415 Alexandrinum
866 2389 874 2417 ε

379 2459 432 2512 Ql.
460 2459 645 2504 Lojacono
676 2461 820 2506 Monog.
838 2462 965 2497 Trifol.
985 2464 1054 2499 Sic.
1080 2475 1115 2508 p.
1143 2466 1209 2499 137
1229 2464 1324 2499 hanc
1342 2466 1496 2509 speciem
1517 2471 1552 2501 et
1572 2468 1608 2501 Τ.
1635 2466 1883 2504 Constantino-

329 2507 529 2549 politanum
559 2513 599 2542 ut
631 2509 768 2551 species
801 2509 989 2544 distinctas
1019 2511 1143 2555 habet,
1177 2512 1311 2546 iterata
1341 2518 1462 2547 tamen
1492 2513 1743 2549 observatione
1772 2521 1807 2550 et
1838 2517 1883 2550 cl.

330 2554 567 2598 monographi
603 2565 694 2598 pace
727 2556 822 2591 inter
854 2567 915 2591 eas
944 2557 1176 2593 characteres
1208 2558 1393 2602 specificos
1423 2559 1682 2596 differentiales
1713 2562 1884 2607 detegere

330 2610 488 2654 nequeo;
512 2601 644 2646 calycis
670 2602 778 2637 tubus
803 2604 921 2638 variat
949 2605 1093 2639 omnino
1122 2605 1503 2642 tubuloso·obconicus
1532 2608 1589 2642 vel
1618 2619 1773 2652 superne
1802 2610 1882 2644 sub-

330 2652 558 2691 constrlctus,
588 2648 729 2683 laciniae
760 2650 796 2684 in
830 2651 1013 2686 nonnullis
1039 2653 1293 2696 speciminibus
1326 2653 1492 2689 distincte
1519 2655 1708 2699 trinerves,
1737 2657 1772 2690 in
1803 2657 1883 2691 aliis

330 2694 429 2728 nervi
448 2694 621 2730 laterales
641 2696 939 2732 subevanescunt.

333 2818 386 2859 T.
409 2818 757 2861 leucanthum
783 2834 792 2862 :

375 2907 577 2962 Specimina
602 2908 667 2943 sub
687 2909 756 2945 hoc
776 2912 918 2946 nomine
944 2912 979 2946 in
1003 2913 1092 2948 Sint.
1111 2918 1146 2948 et
1167 2914 1259 2958 Rigo
1283 2916 1332 2958 pl.
1350 2916 1457 2960 Cypri
1474 2922 1513 2950 n⁰
1536 2918 1605 2951 414
1625 2917 1817 2953 distributa
1844 2920 1878 2953 T.

327 2964 494 2998 supinum.
514 2960 654 2990 sistunt.
