2115 3250
225 190 432 236 Hypecoum.
920 202 1197 227 PAPAVERAGEAE.
1852 193 1896 227 25

224 270 294 303 Pag.

228 1016 315 1060 1:25,

226 1565 314 1610 126,

226 1848 314 1894 127,

227 2134 314 2179 128,

228 2530 315 2575 130,

329 323 537 363 rhombeis
557 322 718 363 inferne
738 324 969 363 attenuatis
990 335 1168 375 superne
1185 324 1450 364 obtusissimo
1470 329 1510 364 et
1539 325 1799 375 inaequaliter
1826 326 1896 364 tri-

332 376 436 416 lobis
463 375 674 416 interdum
703 376 957 427 subintegris
980 375 1442 427 oblongo—spathulatis,
1466 377 1640 416 internis
1668 377 1895 417 minoribus

329 428 552 480 tripartitis
587 427 747 468 laciniis
785 428 1028 468 lateralibus
1065 428 1289 469 linearibus
1321 429 1478 469 obtusis
1511 429 1672 469 intense
1706 430 1896 469 violaceis

329 480 579 520 intermedia
609 480 740 520 multo
772 480 958 532 longiore
987 481 1179 532 stipitatn
1211 481 1554 530 oblongo-lineari
1581 483 1761 521 concava
1790 494 1897 521 mar-

329 533 425 584 gine
456 532 532 573 sub
563 532 676 573 lente
703 533 946 573 brevissime
978 533 1270 581 sci-obiculata,
1300 534 1458 585 siliquis
1486 534 1634 574 erectis
1664 534 1726 574 vel
1754 534 1898 574 subar-

330 586 463 626 cuatis
507 585 694 626 articulis
737 584 859 626 facile
895 585 1187 626 secedentibus
1226 587 1279 626 ad
1317 590 1438 638 septa
1474 587 1628 627 sensim
1665 587 1898 626 subinoras-

330 638 433 678 satis
455 640 518 686 Θ.

387 708 481 742 Hab.
502 709 537 742 in
556 711 668 743 arena
686 709 808 743 mobili
829 709 964 743 deserti
979 710 1355 754 AEgyptiaco-Syriaci
1376 709 1421 743 ad
1443 709 1503 743 Bir
1522 709 1554 743 el
1569 709 1771 750 Messaoud,
1794 710 1897 743 Abou

341 755 464 790 Elfe'in
482 761 516 790 et
537 756 568 789 el
591 756 721 790 Arisch
744 756 814 799 (W.
835 755 977 799 Barb.!)
1001 757 1053 789 Fl.
1076 757 1220 790 Martio.

388 820 514 853 Facies
533 820 581 853 Η.
596 820 872 863 procumbentis,
890 819 952 853 sed
978 819 1085 853 flores
1107 820 1252 853 dimidio
1278 821 1443 862 minores,
1465 820 1509 854 ab
1532 831 1572 854 eo
1599 821 1744 863 insuper
1769 820 1899 853 lacinia

339 866 555 901 intermedia
569 866 775 910 petalorum
794 867 1005 901 interiorum
1023 867 1151 901 lineari
1166 877 1231 901 nec
1245 867 1663 911 obovato-cymbaeformi
1679 867 1898 901 distinctum.

349 1013 413 1053 H.
436 1014 747 1064 pendulum,
770 1013 878 1054 adde
905 1025 912 1052 :

386 1101 478 1136 Hah.
496 1103 531 1136 in
550 1101 695 1137 deserto
714 1102 1112 1147 AEgyptiaco-Arabieo
1133 1102 1180 1136 ad
1201 1103 1332 1137 Galala
1355 1101 1455 1135 3000‘
1475 1103 1709 1144 (Schweinffl)

631 1373 838 1412 0RDO
875 1373 942 1412 V.
979 1373 1491 1413 FUMARIAOEEAE

349 1563 632 1613 Corydalis
651 1563 935 1610 rutaefolia‚
959 1562 1066 1602 adde
1089 1575 1096 1602 :

387 1651 481 1685 Hah.
511 1653 546 1686 in
575 1658 695 1686 monte
721 1652 793 1685 Tar
814 1652 941 1685 Tchell
971 1662 1084 1695 prope
1110 1652 1227 1685 Terek
1250 1652 1407 1695 Assyriae
1426 1654 1528 1685 3000‘
1549 1651 1761 1694 fflaussk.!>,
1784 1651 1900 1685 forma

388 1699 581 1743 segmentis
602 1698 770 1733 foliorum
792 1699 923 1742 amplis
944 1702 996 1732 l-l
1015 1698 1317 1742 ¹s2-pollicaribus.

349 1847 401 1886 C.
423 1846 788 1895 verticillaris,
812 1846 920 1887 adde
940 1859 948 1886 z

386 1933 480 1967 Hab.
495 1935 530 1967 in
552 1934 704 1968 dumetis
722 1935 854 1968 Persiae
872 1934 1250 1968 austro-occidentalis
1268 1934 1313 1967 ad
1333 1934 1441 1968 Kotel
1463 1934 1561 1967 Mian
1583 1934 1676 1967 inter
1696 1934 1843 1968 Schiraz
1866 1939 1900 1967 et

339 1981 493 2015 Dalechi
505 1983 606 2015 3000'
619 1987 654 2016 et
672 1983 706 2015 in
724 1981 905 2016 montibus
921 1982 1063 2016 Selialm
1080 1981 1324 2015 Kurdistaniae
1338 1981 1384 2015 ad
1399 1982 1497 2015 nives
1511 1981 1900 2024 9-10000'41121ussk.!).

348 2133 401 2172 C.
427 2132 736 2180 Caucasica‚
759 2132 867 2173 adde
892 2143 899 2171 :

387 2219 478 2253 Hab.
500 2220 535 2253 in
553 2220 712 2264 Assyriae
730 2219 910 2254 montibus
930 2220 1049 2254 Terek
1071 2222 1173 2254 3000‘
1193 2220 1407 2263 (Haussk.!),
1430 2230 1544 2264 prope
1565 2219 1708 2253 Mai-din
1729 2221 1830 2258 (Post
1844 2222 1876 2262 !).

390 2285 476 2318 Flos
505 2284 609 2318 albus
630 2290 798 2319 caeterum
827 2285 1011 2328 specimini
1040 2286 1249 2330 Meyeriano
1273 2285 1408 2319 similis.
1432 2285 1485 2319 Cl.
1502 2285 1690 2328 Ruprecht
1712 2285 1766 2318 Fl.
1795 2285 1902 2320 Cauc.

349 2331 384 2366 C.
406 2333 567 2366 tenellam
589 2331 721 2366 Ledeb.
739 2332 821 2365 huic
842 2333 975 2375 speciei
991 2333 1189 2376 conjungit,
1204 2331 1268 2366 sed
1285 2337 1436 2375 propter
1451 2332 1619 2366 bracteas
1637 2333 1799 2375 margine
1816 2343 1902 2375 pau-

343 2378 545 2413 cidentatas
567 2379 652 2412 mihi
673 2380 794 2422 aptius
815 2385 853 2413 ut
874 2379 990 2413 forma
1009 2380 1144 2423 pusilla
1171 2380 1206 2415 G.
1227 2379 1349 2414 solidoe
1367 2378 1536 2413 habenda
1558 2379 1711 2412 videtur.

350 2528 403 2567 C.
427 2527 727 2578 pauciflora
750 2539 759 2566 :

390 2614 442 2649 Cl.
473 2615 661 2658 Ruprecht
687 2615 722 2648 in
754 2615 808 2649 Fl.
840 2615 946 2650 Caue.
976 2626 1010 2658 p.
1040 2616 1148 2648 58-60
1179 2613 1216 2649 C.
1245 2614 1440 2648 Emanueli
1471 2620 1506 2648 et
1541 2614 1577 2648 C.
1608 2615 1794 2657 alpestrem
1823 2614 1901 2656 (sub

347 2660 510 2705 Capm'te)
529 2673 550 2696 a
573 2662 609 2697 C.
629 2662 827 2705 paucz'sloraei
852 2661 1018 2705 specifice
1045 2661 1234 2696 distinctas
1259 2661 1382 2704 habet,
1408 2661 1471 2696 sed
1498 2661 1718 2704 comparatis
1740 2661 1901 2704 specimi-

342 2708 446 2743 nibus
481 2710 669 2752 utriusque
702 2720 762 2743 eas
793 2720 910 2743 meras
937 2710 1133 2743 varietates
1164 2719 1241 2743 esse
1274 2708 1402 2743 habeo.
1438 2709 1577 2742 Pariter
1612 2708 1648 2743 C.
1679 2708 1903 2751 pallidiflora

342 2756 456 2799 Rupr.
491 2756 615 2790 eodem
646 2756 725 2790 loco
758 2756 837 2799 (sub
872 2756 1034 2800 Capnite)
1068 2761 1105 2790 et
1133 2755 1212 2799 ejus
1238 2766 1313 2790 var.
1343 2755 1578 2801 Bayerniana
1603 2755 1678 2788 tab.
1706 2758 1737 2797 4,
1763 2754 1822 2799 fig.
1847 2758 1903 2788 1-:2

342 2803 538 2837 varietates
570 2809 653 2837 sunt
685 2802 774 2837 flore
809 2803 1168 2837 albido-ochroleuco
1208 2801 1245 2838 (3.
1270 2803 1489 2846 paucifiorae,
1522 2802 1577 2836 cui
1610 2802 1774 2836 omnibus
1809 2803 1903 2835 notis

343 2850 477 2884 similes
498 2855 592 2884 sunt.
616 2850 700 2884 Var.
727 2851 892 2893 alpestris
916 2851 952 2884 in
974 2850 1122 2894 regione
1149 2850 1273 2893 alpina
1299 2849 1452 2884 Ossetiae
1473 2854 1509 2884 et
1535 2849 1806 2893 Daghestaniae,
1827 2859 1902 2882 var.

336 2897 563 2940 pallidislora
589 2897 625 2930 in
652 2897 848 2931 Tuschetia
869 2903 903 2931 et
925 2897 1132 2932 Chewsuria
1160 2896 1325 2931 9·10000‘
1355 2897 1529 2940 (Rupr.!),
1554 2897 1590 2930 in
1617 2896 1760 2931 Ossetiit
1789 2906 1903 2939 prope

343 2944 436 2978 Lars
454 2944 634 2988 (Brother.
646 2945 667 2988 l)
689 2950 866 2978 crescunt.
