2115 3250
227 220 396 255 Pistacia.
902 230 1229 253 TEREBINTHACEAE.
1838 219 1904 254 ¹55

233 301 301 334 Pag.

280 374 317 418 7,
350 371 408 462 ξ.
434 370 698 463 Οειξέιὸῌοει,
722 368 829 409 adde
857 381 947 421 syn.
973 381 981 409 :
1005 367 1057 409 P.
1088 368 1244 409 mutim
1279 380 1365 409 var.
1404 368 1603 410 Cabulica
1636 368 1793 420 Engler
1823 369 1901 410 loc.

334 434 368 463 c1
395 454 421 470 .‚
441 435 482 474 p.
590 454 599 462 .

392 508 484 542 Hab.
503 508 538 542 in
556 508 653 542 valle
670 507 806 541 Kuram
826 507 1031 551 Affghaniae
1052 508 1145 541 inter
1166 507 1259 541 Thal
1278 512 1313 542 et
1333 507 1503 542 Shalizan
1527 507 1661 550 (Aiteh.
1680 509 1743 541 361
1759 508 1790 550 !).

391 571 510 605 Arbor
530 570 813 614 20—30-pedalis.

498 806 706 846 ORDo
747 806 1048 845 XXXVII.
1094 805 1634 846 GELASTRINEAE

258 1012 319 1057 10,
351 1012 446 1060 post
467 1010 808 1059 Evonymum
828 1009 1117 1049 latifolium
1138 1009 1275 1049 insere
1299 1021 1306 1048 :

386 1096 441 1135 Ε.
464 1095 778 1135 fimbriatus
799 1095 941 1146 (Wall.
964 1096 1006 1136 in
1027 1095 1161 1136 Roxb.
1180 1094 1242 1135 Fl.
1266 1095 1358 1136 Ind.
1379 1098 1416 1143 2,
1440 1095 1536 1146 408)
1558 1095 1759 1136 arboreus
1774 1095 1908 1147 pumi-

331 1147 409 1196 lus,
432 1148 559 1188 ramis
574 1148 807 1200 tetragonis
825 1147 1029 1188 teretibus
1047 1147 1218 1200 glabris,
1236 1147 1343 1188 foliis
1362 1149 1494 1189 ovatis
1513 1148 1762 1189 acuminatis
1784 1151 1908 1189 acute

331 1203 374 1240 et
405 1201 566 1241 minute
602 1200 819 1241 biserratis
857 1201 1202 1249 membranaceis,
1239 1201 1367 1252 cymis
1402 1200 1638 1241 dichotome
1668 1200 1907 1241 multifloris

332 1252 574 1304 pedunculis
595 1253 748 1305 petiolo
768 1254 901 1294 multo
922 1253 1178 1305 longioribus
1199 1253 1394 1302 suffultis,
1420 1253 1592 1294 floribus
1612 1254 1766 1305 parvis,
1790 1258 1908 1305 peta-

332 1305 380 1346 lis
400 1309 425 1346 4
445 1305 549 1346 albis
571 1306 703 1346 ovatis
725 1306 916 1357 integris,
938 1306 1109 1358 capsula
1128 1308 1283 1358 magna
1303 1306 1570 1358 quadrialata
1603 1320 1628 1358 5
1647 1338 1655 1347 .

389 1377 481 1457 Halll).
504 1378 539 1411 in
560 1377 724 1411 faucibus
746 1377 891 1412 ditionis
906 1377 1042 1412 Kuram
1058 1377 1264 1421 Affghaniae
1280 1378 1327 1412 ad
1342 1378 1485 1412 Kaiwas
1501 1383 1536 1412 et
1551 1377 1724 1413 Shendtoi
1739 1379 1903 1412 8-100001

344 1424 442 1464 (Aitc
471 1425 613 1468 .375!).

388 1488 493 1523 Folia
519 1489 569 1523 eis
596 1489 642 1523 E.
660 1489 834 1533 Europaei
858 1499 929 1523 non
950 1489 1103 1533 maj0ra,
1130 1489 1193 1524 sed
1220 1490 1426 1523 acutissime
1456 1494 1598 1524 serrata
1627 1495 1662 1524 et
1692 1490 1795 1533 apice
1824 1499 1905 1523 con-

341 1540 461 1570 tracta
478 1536 695 1579 acuminata,
709 1535 816 1570 flores
837 1537 887 1571 eis
904 1536 1012 1580 hujus
1035 1535 1144 1580 duplo
1160 1536 1328 1580 minores,
1350 1537 1500 1580 capsula
1520 1547 1637 1581 magn.
1660 1537 1774 1571 cerasi
1795 1536 1904 1570 dicta.

389 1599 455 1633 Ar.
475 1599 617 1642 Geogr.
642 1601 734 1635 Tota
750 1601 848 1644 regio
869 1601 1072 1635 Himalaica
1092 1606 1306 1645 temperata.

551 1821 758 1861 ORDO
805 1821 1141 1860 XXXVIII.
1189 1821 1583 1861 RHAMNEAE

254 2014 314 2059 13,
346 2012 613 2063 Zizyphus
633 2012 1024 2060 nummularia,
1047 2011 1155 2052 adde
1177 2023 1186 2051 :

344 2100 481 2190 (Αῌαξ.
498 2100 671 2191 5i(1)17)valle
695 2100 832 2135 Kuram
860 2100 1064 2145 Affghaniae
1091 2101 1185 2135 inter
1211 2101 1305 2135 Thal
1336 2106 1370 2135 et
1400 2100 1537 2135 Kuram
1571 2111 1683 2144 usque
1713 2100 1759 2134 ad
1791 2102 1897 2134 4000‘

394 2154 442 2181 lte
472 2174 479 2181 .
585 2175 591 2181 .

254 2298 317 2344 13,
348 2299 443 2348 post
462 2297 511 2337 Z.
534 2297 794 2347 Jujubam
815 2297 951 2338 insere
974 2309 982 2337 z

381 2384 431 2424 Z.
455 2385 749 2435 oxyphylla
769 2384 960 2436 (Edgew.
984 2384 1134 2425 Trans.
1157 2384 1279 2426 Linn.
1309 2384 1401 2426 Soc.
1430 2384 1523 2433 XX,
1546 2398 1586 2437 p.
1610 2385 1677 2435 43)
1705 2384 1906 2426 fruticosa

329 2436 392 2477 vel
424 2436 601 2477 arborea
632 2436 815 2485 humilis,
846 2438 974 2478 ramis
1006 2437 1226 2486 teretibus,
1256 2437 1363 2478 foliis
1391 2438 1548 2489 glabris
1577 2438 1743 2490 oblique
1772 2439 1905 2479 ovatis

329 2489 592 2538 acuminatis,
630 2490 759 2541 spinis
797 2490 1038 2542 stipulaceis
1076 2489 1185 2531 binis
1225 2490 1360 2532 altera
1396 2491 1584 2542 longiore
1617 2492 1733 2531 recta
1771 2491 1906 2532 altera

359 2545 516 2589 atente,
539 2541 710 2583 floribus
731 2542 972 2583 axillaribus
995 2542 1289 2594 pedunculatis
1316 2543 1513 2584 solitariis
1542 2543 1605 2584 vel
1636 2547 1704 2585 3—4
1732 2542 1906 2584 fascicu-

347 2594 442 2641 atis,
472 2594 623 2646 calycis
655 2594 851 2636 dentibus
886 2595 1170 2644 acutiusculis,
1204 2596 1355 2648 petalis
1388 2595 1641 2648 spathulatis
1670 2596 1902 2645 cucullatis,

331 2645 466 2698 drupa
485 2646 669 2699 elliptica
686 2647 935 2688 uniloculari
963 2648 990 2699 3
1007 2680 1016 2688 .

389 2715 482 2750 Hab.
504 2716 550 2750 ad
567 2717 748 2760 margines
766 2718 833 2751 rivi
850 2717 988 2751 Kuram
1009 2717 1215 2762 Affghaniae
1233 2729 1348 2762 usque
1368 2718 1413 2752 ad
1435 2720 1538 2753 3000'
1559 2718 1719 2763 (Aitch.).

389 2777 456 2813 Ar.
479 2777 620 2822 Geogr.
641 2779 835 2824 Himalaya
854 2785 1072 2824 temperata.
