2115 3250
231 216 355 252 Silene.
983 226 1154 249 summm.
1836 215 1903 250 103

250 299 320 333 Pag.

337 350 441 392 catis
458 349 643 397 erosulis‚
667 349 837 401 capsula
851 348 1031 400 oblonga
1046 349 1302 401 carpophoro
1318 348 1658 400 sesquilongiore‚
1675 348 1901 389 seminibus

336 402 611 444 tuberculatis
631 401 736 442 facie
755 401 1026 443 subconcavis
1053 405 1110 448 Ql.

395 473 488 508 Hab.
508 474 544 507 in
563 474 675 507 vineis
697 474 805 517 Cypri
823 473 918 507 circa
938 473 1071 507 Galata
1091 473 1192 511 (Sint.
1211 477 1246 507 et
1264 472 1356 516 Rigo
1375 473 1473 516 7681)
1492 472 1546 506 Fl.
1564 473 1647 506 Jun.

396 538 526 573 Caules
552 549 630 572 cum
659 537 831 581 panicula
857 538 1026 581 elongata
1055 537 1140 571 laxa
1171 536 1333 580 pedales,
1362 536 1530 571 foliorum
1562 537 1739 580 majorum
1769 536 1905 570 lamina

349 586 408 619 vix
428 585 614 628 pollicaris
634 586 693 618 6-7
714 584 828 619 lineas
845 584 934 628 lata,
951 584 1057 618 flores
1087 585 1136 618 eis
1161 584 1196 618 S.
1226 585 1391 618 nutantis
1418 585 1584 626 minores,
1611 584 1717 627 calyx
1747 585 1767 617 5
1788 583 1904 617 lineas

349 632 489 675 longus.
508 632 564 665 Ab
583 634 625 666 ea
643 631 738 665 foliis
766 631 921 675 abrupte
951 637 986 665 et
1014 636 1118 665 acute
1147 631 1371 673 acuminatis,
1405 631 1519 664 caulis
1549 636 1583 664 et
1616 629 1903 674 pedunculorum

348 679 567 723 gracilitate,
589 678 815 722 carpophoro
834 678 944 722 duplo
964 679 1137 722 longiore,
1158 683 1238 721 etc.,
1257 678 1385 711 eximie
1402 678 1583 712 distincta.

233 834 322 879 635,
358 831 412 871 S.
434 831 700 879 saxatilis,
722 830 830 872 adde
851 843 859 870 :

395 918 488 952 Hab.
507 919 542 952 in
563 918 715 952 collibus
735 918 841 952 vallis
858 918 984 961 Djimil
1004 919 1109 952 Ponti
1130 918 1251 952 Lazici
1271 919 1374 951 6000‘
1395 923 1430 951 et
1450 918 1485 951 in
1508 917 1605 951 silvis
1634 916 1752 950 Piceae
1780 916 1904 950 Orien—

351 966 435 1000 talis
454 965 550 999 infra
569 965 792 999 Khabackar
814 966 907 1009 (Bal.
920 966 956 1009 !).

388 1046 424 1082 γ.
448 1028 734 1081 Djz'mz'lensis.
756 1052 808 1057 —
826 1029 967 1088 Elores
994 1032 1041 1069 ut
1070 1029 1110 1069 in
1137 1041 1223 1068 var.
1253 1031 1302 1087 β..
1321 1027 1514 1079 conqestci
1545 1027 1598 1086 in·
1616 1025 1906 1077 Daghestania

337 1081 555 1131 (Becker-l)
577 1093 739 1133 quoque
759 1082 880 1122 obvia
898 1082 940 1121 in
961 1093 1100 1134 cymas
1120 1079 1461 1121 fascicuhformes
1486 1079 1669 1120 brev1ter
1694 1077 1907 1136 peduncu-

336 1135 451 1228 {1333
453 1135 666 1228 Ιὲἳέἰῖειξιέ
689 1133 1097 1227 εἰῗὶᾰέἓῖἰᾶθῗιὸἱρῑίοω
1110 1134 1260 1174 latiora
1281 1135 1367 1183 (3-4
1386 1133 1516 1173 lineas
1537 1132 1656 1183 lata).
1674 1155 1726 1159 —
1740 1131 1783 1172 S.
1806 1129 1907 1183 Dyz-

396 1259 488 1293 Hab.
509 1259 545 1293 in
563 1259 657 1293 valle
676 1259 800 1302 Djimil
815 1259 920 1292 Ponti
940 1259 1061 1292 Lazici
1082 1258 1128 1292 ad
1146 1260 1250 1293 6000‘
1269 1258 1365 1301 (Bal.
1378 1258 1413 1301 !).

389 1324 424 1364 δ.
456 1322 790 1374 Daqhestanica.
813 1346 865 1350 —-
885 1322 1035 1363 Caules
1054 1328 1176 1374 parte
1196 1321 1390 1363 inferiore
1409 1321 1543 1362 laxius
1564 1320 1769 1372 caespitosi
1788 1319 1907 1360 intri-

337 1376 419 1416 cati
434 1375 619 1416 crebrius
634 1375 781 1423 foliati,
800 1375 933 1416 axillis
948 1374 1248 1416 fasciculiferis.
1262 1374 1380 1415 Folia
1395 1374 1640 1415 abbreviata
1656 1371 1908 1413 lanceolato-

337 1428 580 1480 spathulata
606 1432 731 1468 acuta
756 1429 945 1480 margine
971 1428 1218 1469 aculeolata.
1253 1427 1452 1468 Panicula
1477 1427 1571 1467 laxa
1604 1426 1904 1478 depauperata.

336 1505 388 1509 ἡ
407 1481 452 1522 S.
475 1480 795 1535 Datqhestanica
813 1482 944 1533 Rupr.
968 1480 1029 1521 Fl.
1055 1480 1182 1522 Cauc.
1204 1494 1246 1533 p.
1273 1483 1361 1521 194.

396 1553 489 1587 Hab.
515 1554 550 1587 in
570 1552 722 1596 rupibus
743 1553 1002 1597 Daghestaniae
1023 1553 1195 1587 australis
1216 1552 1261 1587 ad
1281 1551 1427 1586 fluvium
1450 1551 1619 1586 Beschita
1639 1560 1754 1594 prope
1772 1549 1906 1584 Kalaki

351 1606 386 1634 et
405 1600 451 1634 ad
471 1599 506 1634 fl.
524 1602 652 1635 Samur
669 1602 900 1634 4800'-6600‘
916 1600 1044 1643 (Rupr.
1056 1600 1090 1643 l).

233 1755 323 1801 636,
357 1753 410 1793 S.
445 1753 787 1804 lonqipetala,
816 1752 926 1812 adde
952 1764 1043 1805 syn.
1073 1765 1082 1793 ε
1120 1752 1164 1794 S.
1201 1751 1484 1812 chloropetlea
1511 1751 1651 1808 Rupr.
1673 1749 1736 1811 El.
1774 1748 1902 1790 Cauc.

337 1818 381 1899 pfl
400 1805 1020 1900 395322232233‘23232‘33‘13?
1035 1805 1212 1899 ‘iffiaffl
1229 1805 1443 1909 ‘’533035325
1459 1802 1904 1908 ἓέῡὲῥὲἓὲἰὲῑὲἓῖἳξῑξ)

337 1870 545 1953 ἒὴτέιὼλ
570 1924 619 1952 ex
642 1873 851 1952 Bezherre
870 1891 1018 1952 Libani
1039 1871 1371 1952 omni'nii'eadem
1392 1883 1456 1951 est
1475 1890 1647 1962 species.
1893 1886 1902 1894 ⁰

234 2071 324 2117 636,
360 2070 412 2109 S.
436 2070 716 2120 puberula,
741 2069 849 2110 adde
870 2082 878 2110 :

351 2158 509 2245 (HHab.k
525 2159 562 2250 i'1)1
596 2158 822 2202 rupestribus
858 2158 1033 2193 calcareis
1070 2159 1201 2193 montis
1236 2158 1296 2192 Pir
1332 2157 1442 2192 Omar
1477 2156 1628 2191 Gudrun
1661 2153 1908 2189 Kurdistaniae

401 2216 483 2240 auss
514 2233 541 2240 ..
563 2233 569 2239 .

234 2358 324 2403 639,
360 2355 413 2395 S.
435 2352 721 2405 longissora
744 2365 754 2393 :

396 2442 500 2485 Huic,
520 2442 577 2476 Fl.
597 2442 658 2477 Or.
673 2442 701 2484 I,
722 2441 817 2475 Add.
838 2452 871 2485 p.
889 2443 968 2485 958,
996 2441 1030 2476 S.
1051 2441 1302 2483 staticefoliam
1329 2441 1400 2476 Sm.
1426 2439 1553 2474 Prodr.
1581 2440 1608 2482 I,
1628 2440 1694 2472 301
1716 2438 1772 2472 Fl.
1791 2437 1909 2472 Graec.

350 2489 424 2523 tab.
445 2490 513 2524 435
533 2495 620 2523 tunc
635 2489 721 2523 mihi
740 2489 900 2533 ignotam
919 2499 962 2523 ex
980 2488 1224 2531 descriptione
1246 2492 1282 2522 et
1297 2488 1399 2522 icone
1420 2486 1555 2521 addidi.
1570 2486 1676 2520 Nunc
1695 2485 1790 2519 hanc
1806 2483 1909 2527 plan-

350 2542 423 2570 tam
452 2546 524 2570 non
553 2547 572 2570 e
598 2536 846 2579 Peloponneso
873 2535 934 2570 ubi
964 2546 985 2569 a
1008 2535 1219 2578 Sibthorpio
1245 2534 1437 2577 indicatur,
1458 2533 1521 2568 sed
1543 2544 1562 2568 e
1581 2532 1763 2567 montibus
1783 2531 1909 2565 Korax

349 2583 500 2618 AEtoliae
521 2585 624 2618 5500'
645 2588 680 2618 et
702 2583 788 2617 OEta
810 2582 1032 2617 Phthiotidis
1061 2583 1274 2617 55oo·6300‘
1297 2592 1318 2616 a
1342 2582 1386 2616 cl.
1412 2580 1609 2615 Heldreich
1631 2580 1763 2614 lectam
1783 2577 1857 2613 vidi
1873 2582 1911 2612 et

350 2630 492 2665 videtur
512 2631 669 2665 varietas
689 2630 813 2674 alpina
833 2634 869 2664 et
895 2629 1147 2673 depauperata
1166 2629 1337 2663 varietati
1359 2640 1391 2671 γ.
1414 2628 1546 2672 alpina>
1566 2627 1723 2671 analoga
1749 2627 1799 2660 sic
1824 2624 1909 2659 defi-

353 2677 486 2712 nienda
506 2690 513 2711 :

391 2741 427 2781 δ.
459 2738 728 2792 staticefolia.
749 2764 803 2768 -
822 2739 1023 2781 Rhizoma
1042 2738 1285 2780 induratum
1307 2738 1434 2779 breve
1456 2737 1674 2778 fasciculos
1694 2735 1848 2788 polyph
1879 2734 1911 2775 l-

338 2793 398 2834 los
418 2793 582 2834 sessiles
603 2796 645 2833 et
673 2793 812 2834 caules
838 2791 1041 2833 floriferos
1067 2790 1316 2844 paucifloros
1335 2791 1398 2831 vel
1417 2789 1614 2831 unifloros
1636 2788 1786 2839 edens;
1811 2786 1851 2828 fo
1872 2787 1912 2827 'a

338 2845 540 2886 radicalia
570 2857 622 2885 an
654 2846 866 2887 ustissime
898 2845 1132 2886 lanceolata
1164 2844 1229 2885 vel
1257 2844 1433 2884 linearia
1465 2846 1589 2884 acuta
1613 2840 1758 2883 infima
1786 2841 1855 2881 lon
1888 2852 1911 2880 e

340 2902 564 2939 attenuata
581 2911 589 2948 ;
643 2909 734 2939 ores
751 2902 817 2939 3-5
832 2898 983 2939 remoti
1003 2897 1216 2949 pedicellis
1236 2896 1394 2937 strictis
1414 2895 1729 2936 bibracteolatis
1749 2892 1833 2935 suff
1877 2893 1909 2933 ti

338 2951 403 2992 vel
422 2951 596 2991 solitarii
617 2951 875 3000 terminales,
899 2951 1016 3003 calyx
1036 2950 1173 2991 variat
1193 2953 1285 2991 9-11
1309 2949 1441 2990 lineas
1463 2948 1625 3000 longus.
