2094 3351
222 231 290 267 272
923 243 1194 268 [mentumis.
1681 234 1886 271 pastinaca.

328 364 414 405 fere
435 364 488 405 ad
507 365 624 405 basin
648 376 776 416 usque
834 364 1032 412 e1·ductiS‚
1066 364 1309 405 lateralibus
1341 364 1562 407 latioribus
1589 365 1662 407 sed
1691 365 1894 408 vallecula

327 417 654 468 angustioribus,
673 417 786 468 jugis
838 416 1068 458 liformibus
1090 420 1153 465 (23.

388 487 478 520 Hal).
497 489 531 520 in
553 487 751 521 declivibus
769 487 929 521 herbidis
948 487 1078 521 montis
1098 487 1179 521 Rilo
1194 487 1358 521 Thraciae
1379 488 1565 530 <Panna-!).

387 549 581 593 Bipedalis‚
609 549 696 583 folia
723 560 765 584 ea
789 549 1023 584 Libanotidis
1044 555 1226 584 montanoe
1249 549 1457 594 referentia,
1483 550 1593 584 facies
1616 551 1657 585 P.
1675 552 1895 586 intermedioe

341 607 361 630 a
382 597 563 640 qnajugis
584 608 653 630 non
674 597 811 640 argutis
835 596 968 631 differt.
988 599 1019 630 A
1040 596 1227 640 speciebus
1253 597 1545 640 praecedentibus
1570 598 1605 631 in
1633 598 1686 632 Fl.
1720 598 1780 633 Or.
1810 608 1893 633 enu-

340 644 487 677 meratis
504 644 600 677 vittis
622 643 705 677 latis
727 643 908 677 distincta.

228 796 341 840 1070,
376 792 573 843 Orlaya
597 793 945 844 grandinera,
969 792 1103 834 adde:

388 880 480 914 Hab.
503 881 668 924 Coreyrae
691 880 921 924 (Letourn.!).

227 1029 341 1073 1075,
376 1028 593 1066 Daucus
614 1027 1004 1074 involucratus‚
1028 1026 1135 1067 adde
1158 1039 1166 1066 :

364 1114 457 1148 Hab.
478 1115 513 1148 in
535 1114 653 1159 Cypro
674 1115 719 1149 ad
740 1116 1026 1159 promontorium
1047 1115 1264 1151 &Andreas
1286 1115 1388 1156 (Sint.
1413 1122 1449 1150 et
1469 1116 1603 1160 Rigol).

226 1267 337 1312 1075,
369 1269 463 1315 post
485 1265 543 1304 D.
566 1265 969 1305 involucratum
988 1264 1125 1305 insere
1147 1277 1155 1304 :

384 1352 442 1390 D.
473 1351 789 1390 subsessilis
819 1350 970 1401 (Boiss.
1005 1351 1046 1391 in
1077 1349 1183 1392 Sint.
1215 1354 1258 1392 et
1290 1351 1397 1404 Rigo
1430 1352 1487 1404 pl.
1524 1351 1651 1404 Cypr.
1683 1363 1769 1393 exs.
1802 1351 1896 1404 347)

329 1415 491 1443 annuus
512 1403 728 1455 asperulus
749 1404 852 1444 collo
881 1404 923 1444 in
955 1415 1092 1444 ramos
1125 1415 1286 1445 crassos
1316 1404 1464 1445 breves
1499 1404 1772 1446 ascendentes
1801 1404 1898 1446 sub-

329 1456 536 1507 simplices
578 1456 752 1504 divisus,
793 1455 899 1497 foliis
937 1457 1148 1508 petiolatis
1187 1457 1349 1498 ambitu
1388 1457 1576 1509 oblongis
1614 1458 1655 1498 in
1696 1457 1897 1499 lacinulas

329 1509 625 1559 angustissime
653 1515 693 1549 et
717 1509 901 1550 breviter
920 1509 1098 1550 lineares
1119 1509 1481 1562 tripinnatisectis,
1504 1510 1697 1551 umbellis
1717 1510 1897 1551 axillari-

330 1561 407 1601 bus
442 1564 506 1602 1-3
542 1560 795 1602 fasciculatis
833 1562 1094 1614 inaequaliter
1128 1573 1266 1604 crasse
1304 1567 1347 1604 et
1384 1563 1569 1604 breviter
1605 1563 1897 1615 pedunculatis

318 1619 373 1660 ,et
408 1613 722 1665 pauciradiatss,
762 1614 996 1656 involucelli
1027 1614 1178 1667 phyllis
1210 1616 1501 1667 pinnatisectis
1539 1615 1662 1657 flores
1698 1628 1898 1669 superan-

330 1666 462 1715 tibuS,
505 1667 655 1718 petalis
698 1667 880 1708 minimis
924 1679 1004 1708 non
1049 1667 1333 1717 radiantibus,
1381 1668 1522 1710 fructu
1565 1669 1744 1721 oblongo
1787 1669 1898 1710 inter

330 1719 494 1760 aculeos
530 1719 727 1768 setuloso,
765 1720 918 1761 aculeis
953 1720 1041 1761 basi
1068 1720 1304 1761 lanceolata
1334 1722 1529 1762 connexis
1561 1721 1683 1774 longe
1713 1725 1899 1763 setaceo-

331 1773 560 1865 atgenuatis
588 1773 704 1824 apice
732 1773 862 1825 nigris
888 1772 1151 1825 glochidiatis
1178 1773 1382 1815 diametro
1403 1773 1565 1816 fructus
1591 1774 1716 1827 duplo
1741 1775 1899 1827 longio-

331 1825 364 1865 ri
397 1836 444 1865 us
467 1827 530 1873 Θ.

389 1896 480 1930 Hab.
502 1897 537 1930 in
563 1896 736 1940 lapidosis
768 1897 876 1941 Cypri
907 1908 1023 1942 prope
1056 1892 1232 1941 Kythraea.
1263 1897 1365 1942 (Sint.
1394 1903 1430 1934 et
1465 1899 1602 1943 Rigo!)‚
1631 1899 1667 1933 in
1692 1899 1898 1933 Palaestinae

342 1949 463 1977 monte
482 1942 667 1977 Olivarum
693 1955 806 1988 prope
824 1945 1042 1980 Bethaniam
1058 1945 1186 1989 (Boiss.
1198 1946 1232 1989 !).

390 2003 661 2039 Inflorescentia
680 2005 787 2040 valde
803 2005 922 2041 affinis
942 2007 989 2041 D.
1018 2007 1193 2042 Durieuae
1218 2007 1344 2042 Willk.
1373 2024 1415 2035 =
1443 2007 1604 2043 Duriaeae
1623 2009 1835 2053 Hispanicae
1856 2009 1897 2043 B.

344 2056 380 2086 et
398 2052 439 2086 R.
461 2062 482 2086 a
502 2062 572 2095 quo
593 2052 757 2095 specifice
775 2052 920 2088 differre
940 2054 1083 2089 videtur
1103 2054 1243 2089 fructus
1260 2055 1407 2089 minoris
1430 2055 1566 2090 aculeis
1585 2055 1821 2091 brevioribus.

228 2201 343 2246 1079,
372 2199 794 2250 Psammoqeton
823 2200 1133 2250 setifolium,
1161 2201 1270 2243 adde
1289 2213 1380 2255 syn.
1408 2214 1416 2242 z
1446 2201 1600 2244 Torilis
1620 2201 1899 2243 keterotrz'cha

330 2251 504 2293 Trautv.
526 2251 584 2304 pl.
607 2250 828 2301 Schrenk.‚
850 2251 905 2292 N⁰
926 2256 1017 2294 513.

377 2340 445 2374 Ar.
467 2338 610 2383 Geogr.
631 2340 887 2376 Turkestania.

227 2496 342 2542 1083,
371 2492 566 2533 Torilis
585 2493 806 2541 nodosa,
829 2491 938 2533 adde
962 2504 970 2533 :

389 2580 482 2616 Hab.
503 2581 539 2615 in
559 2581 721 2625 AEgypto
741 2580 913 2615 inferiore
929 2580 1114 2625 (Letourn.
1130 2582 1165 2626 l),
1184 2582 1220 2616 in
1242 2582 1395 2617 Oasibus
1419 2583 1652 2628 (Aschers.!).

228 2733 343 2779 1084,
377 2730 627 2770 caucalis
654 2730 868 2778 tenella,
891 2729 1001 2770 adde
1024 2742 1032 2770 :

388 2818 482 2853 Hah.
503 2819 538 2852 in
557 2819 729 2852 montosis
750 2818 859 2863 Cypri
883 2829 997 2863 prope
1019 2818 1196 2863 Kythraea
1221 2819 1323 2863 (Sint.
1345 2825 1381 2854 et
1402 2820 1543 2865 rugos),
1570 2821 1666 2855 inter
1689 2826 1829 2865 segetes
1851 2820 1898 2855 ad

343 2865 478 2900 Mariut
498 2875 611 2909 prope
632 2865 895 2900 Alexandriam
915 2866 1066 2910 AEgypti
1088 2866 1275 2902 (Letourn.
1291 2877 1364 2902 exs.
1386 2868 1473 2912 671).
