2115 3250
216 214 435 260 Epilobium.
927 223 1187 248 ONAGRAmEAE.
1825 214 1890 250 241

216 296 240 323 P
280 316 288 324 .

241 304 278 331 'g
323 348 563 408 maJusculis
599 348 842 401 purpureis,
883 346 1107 388 alabastris
1145 346 1372 387 constricte
1408 346 1652 398 apiculatis,
1692 348 1892 406 stigmate

323 401 528 453 capitato,
568 400 796 441 seminibus
833 399 1035 450 oblongo·
1044 399 1232 440 obovatis
1271 398 1442 440 laevibus
1483 402 1542 445 91.
1581 399 1636 440 Ε.
1679 400 1737 441 tri
1765 415 1890 442 onum

322 414 479 494 Ledeb.
501 453 564 494 Fl.
586 454 706 494 Ross.
728 452 784 501 Π,
810 455 899 493 111.
915 451 1120 492 —Boiss.
1141 450 1205 492 Fl.
1228 449 1301 492 Or.
1324 450 1379 499 ΙΙ,
1401 463 1443 503 p.
1466 454 1557 500 749,
1581 463 1662 492 non
1684 451 1737 493 Sc
1768 453 1889 494 rank.

381 523 473 558 Hah.
493 525 529 557 in
549 524 729 558 Armeniae
751 522 922 557 australis
942 533 1043 566 prov.
1064 522 1192 556 Musch
1212 532 1326 566 prope
1353 521 1545 556 Goschkar
1565 522 1645 566 (Ky.
1668 533 1741 557 exs.
1763 525 1829 558 359
1858 525 1894 558 in

333 570 388 605 Fl.
403 570 463 605 Or.
481 570 528 604 ad
541 570 587 605 E.
600 575 814 604 montanum
827 569 1031 613 citatum),'
1022 580 1057 603 1n
1070 569 1188 603 Ponto
1205 568 1357 602 australi
1371 578 1486 612 prope
1502 569 1683 613 Hassanly
1703 570 1844 611 (Tchih.
1856 573 1892 614 1),

333 617 371 651 in
387 617 672 651 Transcaucasia
690 616 736 651 ad
756 617 910 651 Pontum
930 617 1111 650 Euxinum
1134 616 1257 659 (Frick
1277 616 1313 649 in
1334 614 1438 650 herb.
1455 615 1562 650 Hort.
1580 616 1727 660 Petrop.
1740 618 1774 658 l).

380 681 516 716 Pedale
541 681 599 715 vel
624 681 888 725 sesquipedale,
911 680 1000 715 folia
1024 690 1167 724 semper
1191 680 1360 723 opposita
1388 690 1455 714 nec
1480 684 1587 714 terna
1615 680 1672 714 vel
1705 686 1894 725 quaterna,

333 728 406 762 illis
432 728 480 763 E.
514 728 655 772 triyoni
683 728 816 762 latiora
844 733 881 762 et
909 729 1025 762 minus
1056 727 1482 770 attenuato-acuminata,
1513 727 1762 761 indumentum
1791 738 1894 762 secus

333 785 463 809 nervos
476 775 586 809 breve
606 785 755 818 parcum
772 785 838 809 nec
860 785 945 818 pars
965 775 1132 817 superior
1157 774 1295 818 plantae
1313 783 1507 808 canescens
1532 779 1572 807 ut
1599 774 1636 807 in
1661 774 1708 808 E.
1734 775 1893 819 triyono,

332 821 521 856 alabastra
542 822 736 856 constricte
755 822 940 865 apiculata
956 831 1022 855 nec
1039 821 1182 856 obtusa.
1202 821 1259 854 Ab
1280 821 1327 855 E.
1346 824 1531 864 montano,
1553 820 1649 864 quod
1670 820 1763 855 facie
1779 822 1894 856 refert

333 868 430 902 foliis
462 869 647 903 sessilibus
680 873 716 902 et
746 869 916 912 stigmate
948 869 1121 912 capitato,
1148 878 1169 902 a
1200 867 1326 902 formis
1352 867 1552 910 majoribus
1584 867 1630 901 E.
1664 868 1896 912 origanifolii

332 915 428 950 foliis
455 920 584 959 argute
612 915 844 950 denticulatis
869 915 916 950 ad
936 926 1066 950 nervos
1092 915 1338 960 prominentes
1361 914 1642 958 pubescentibus
1664 925 1731 949 rec
1756 915 1894 959 glabris

333 962 554 997 distinctum.

216 1097 306 1144 750,
340 1095 397 1135 Ε.
418 1095 853 1146 oriqanifolium:
875 1094 918 1135 in
945 1093 1135 1146 diagnosi
1160 1105 1236 1146 pro
1266 1109 1283 1131 «
1306 1093 1537 1135 stolonibus
1565 1106 1592 1134 a
1622 1093 1683 1135 iee
1707 1107 1895 1147 yemmas

321 1145 594 1205 bulbisormes
615 1146 831 1188 edentibus
853 1160 870 1184 »
894 1147 1004 1205 quod
1020 1158 1241 1188 erroneum
1268 1158 1376 1199 pone
1398 1161 1415 1185 «
1438 1146 1591 1188 stoloni
1620 1160 1671 1187 us
1691 1147 1896 1201 elonqatis

319 1199 557 1252 squammis
575 1199 778 1253 oppositis
796 1199 968 1241 remotis
987 1199 1146 1240 obs-itis.
1172 1213 1189 1236 »

379 1270 438 1305 Ad
465 1271 512 1305 E.
545 1271 822 1315 ονὶραηῑΐοῖίιιπι
850 1282 929 1305 meo
960 1281 1067 1305 sensu
1091 1270 1345 1314 conjungenda
1377 1275 1460 1304 sunt
1489 1283 1497 1304 ε
1530 1273 1565 1304 1⁰
1591 1270 1639 1305 Ε.
1666 1271 1896 1315 subalyidum

331 1317 488 1352 Haussk.
509 1318 577 1352 loc.
599 1319 658 1352 cit.
679 1328 715 1361 p.
735 1319 778 1352 59
799 1328 844 1352 ex
868 1319 1029 1353 Caucaso
1052 1318 1224 1352 (Hohen.!
1249 1318 1285 1351 in
1305 1317 1408 1352 herb.
1435 1317 1614 1361 Petrop.);
1642 1319 1680 1351 2ο
1700 1318 1745 1352 Ε.
1766 1318 1896 1352 Ponti-

331 1375 411 1399 cum
429 1365 587 1399 Haussk.
607 1366 643 1399 in
663 1364 766 1399 herb.
784 1365 888 1399 Hort.
905 1365 1052 1409 Petrop.
1075 1365 1271 1408 specimina
1292 1375 1335 1398 ex
1355 1364 1509 1408 Olympo
1532 1364 1690 1408 Bithyno
1720 1365 1895 1409 (Boiss.!)‚

331 1412 448 1446 Ponto
471 1412 616 1446 Euxino
646 1412 843 1456 (Thirke!)‚
865 1417 948 1455 etc.;
970 1414 1007 1446 3ο
1027 1411 1174 1446 tandem
1202 1412 1400 1455 specimina
1426 1412 1462 1445 in
1487 1411 1590 1445 herb.
1617 1412 1723 1446 Hort.
1746 1412 1896 1455 Petrop.

331 1458 397 1493 sub
426 1459 570 1493 nomine
597 1459 642 1493 Ε.
661 1459 932 1503 yemmascentis
952 1458 1037 1493 C.A.
1057 1459 1150 1503 Mey.
1181 1469 1202 1492 a
1221 1459 1264 1493 cl.
1286 1458 1443 1493 Haussk.
1465 1457 1719 1501 determinata,
1740 1458 1896 1493 alterum

332 1515 351 1540 e
368 1506 528 1541 Caucaso
548 1506 648 1548 (ΟΛ.
669 1506 716 1539 M.
737 1505 802 1539 sub
823 1505 868 1540 E.
889 1506 1042 1550 algndo),
1060 1506 1217 1540 alterum
1233 1516 1252 1540 e
1270 1505 1390 1539 Tauro
1412 1505 1558 1540 Cilicico
1575 1505 1657 1550 (Ky.
1675 1508 1738 1539 141
1757 1506 1804 1549 b),
1824 1511 1895 1540 ter-

332 1553 421 1586 tium
441 1552 588 1587 tandem
608 1563 652 1587 ex
672 1557 793 1587 monte
817 1554 975 1587 Anemas
995 1553 1186 1597 Lycaoniae
1209 1552 1350 1586 (Heldr.
1371 1552 1436 1587 sub
1458 1552 1504 1586 E.
1523 1552 1729 1588 montanos*
1768 1552 1897 1587 Omnia

331 1610 410 1633 meo
430 1610 536 1634 sensu
556 1599 603 1634 ad
623 1600 669 1634 E.
685 1599 962 1643 oriyanifolium
979 1599 1173 1634 referenda
1190 1605 1285 1634 sunt.

379 1647 485 1681 Locis
502 1647 548 1680 E.
569 1647 796 1691 oriyanifoliz‘
820 1646 989 1681 addenda
1019 1652 1073 1681 est
1099 1647 1199 1690 regio
1220 1647 1344 1689 alpina
1370 1646 1499 1680 Libani
1528 1645 1575 1680 ad
1599 1646 1757 1689 Hasrun,
1785 1656 1897 1689 supra

330 1693 435 1727 Eden
453 1699 488 1728 et
506 1694 649 1728 Dimam
672 1693 789 1737 (Bl.!).

379 1740 426 1775 E.
439 1741 619 1784 friyidum
636 1740 795 1775 Haussk.
811 1741 879 1774 loc.
900 1741 971 1784 cit.,
989 1751 1023 1783 p.
1045 1743 1086 1775 51
1108 1750 1151 1774 ex
1170 1740 1314 1784 alpibus
1332 1740 1465 1774 Persiae
1486 1740 1658 1774 australis
1680 1739 1761 1784 (ΚΥ.
1783 1741 1897 1783 6381),

333 1796 376 1821 ex
403 1793 524 1821 monte
552 1787 704 1821 Elwend
727 1787 855 1832 <Ky.!),
875 1798 919 1821 ex
942 1787 1125 1821 montibus
1145 1787 1387 1831 Bingoldagh,
1408 1787 1619 1831 Berytdagh
1639 1787 1820 1820 Armeniae
1842 1794 1896 1821 est

332 1834 500 1915 milliidEi)
514 1835 790 1878 oriyanifolium
815 1845 890 1868 var.
916 1834 1108 1869 leucantha
1136 1850 1177 1861 Ξ
1205 1835 1251 1868 Ε.
1281 1834 1508 1868 leucanthum
1535 1834 1648 1868 Boiss.
1677 1839 1712 1868 et
1735 1834 1830 1867 Hoh.
1861 1835 1896 1867 in

332 1891 369 1915 sc
399 1891 417 1915 e
446 1908 453 1914 .
505 1892 572 1916 ers.

372 1960 453 2001 Pro
474 1973 562 2002 var
586 1965 623 2016 β
645 1960 853 2002 Balansoe
872 1972 1010 2012 pone:

375 2050 431 2088 Ε.
460 2050 707 2089 Balansae
728 2048 881 2100 (Boiss.
903 2049 946 2089 in
972 2048 1155 2089 Balansa
1174 2048 1237 2089 Pl.
1260 2048 1384 2088 Pont.
1407 2060 1493 2089 exs.
1525 2048 1644 2097 1866)
1665 2048 1898 2090 rhizomate

320 2101 436 2142 brevi
462 2101 629 2153 obliquo
659 2101 832 2142 fib1illas
865 2112 1108 2142 numerosas
1136 2105 1264 2153 atque
1292 2101 1475 2142 stolones
1507 2100 1721 2142 filiiormes
1752 2102 1897 2153 longos

318 2153 466 2194 bulbos
493 2154 684 2206 globosos
710 2153 943 2206 pisiformes
975 2153 1158 2194 ferentes
1188 2153 1354 2202 edente,
1384 2154 1502 2194 caule
1533 2157 1673 2194 erecto
1703 2132 1896 2195 foliorum

320 2206 587 2247 decurrentia
618 2207 812 2247 elevatim
841 2207 997 2247 lineato
1029 2219 1053 2246 a
1077 2206 1168 2247 basi
1194 2207 1475 2247 ramosissimo
1502 2211 1544 2247 et
1574 2207 1721 2247 crebre
1753 2206 1897 2248 foliato

320 2263 369 2299 ut
389 2264 431 2300 et
451 2260 557 2300 rami
581 2259 692 2311 pube
720 2260 833 2300 brevi
863 2260 1044 2311 crispula
1072 2259 1222 2305 obsito,
1254 2259 1360 2300 loliis
1392 2259 1531 2311 parvis
1563 2259 1774 2300 rhombeis
1805 2260 1898 2300 basi

322 2313 510 2352 cuneatis
547 2312 732 2353 breviter
774 2312 986 2363 petiolatis
1022 2312 1185 2352 minute
1229 2312 1698 2353 calloso-denticulatis
1736 2312 1898 2353 obtusis

321 2366 526 2416 supremis
548 2365 861 2415 angustioribus
882 2365 1031 2413 acutis,
1054 2364 1226 2405 floribus
1246 2365 1488 2416 majusculis
1508 2365 1652 2413 roseis,
1675 2365 1829 2417 sepalis
1849 2370 1898 2406 ut

322 2423 364 2458 et
383 2418 542 2469 siliquae
563 2417 762 2469 adpresse
780 2417 902 2458 hirtis
922 2417 1194 2465 mucronatis,
1213 2417 1439 2458 seminibus
1460 2417 1657 2469 oblongo-
1641 2418 1752 2470 -cyli
1743 2417 1897 2459 idricis

322 2469 446 2564 gasil.
451 2470 763 2511 subatteuuatis
802 2474 860 2517 91.
896 2470 950 2510 Ε.
985 2468 1368 2525 oriqcmffolz'etmss
1376 2471 1624 2512 ,Βαῑαηεαῑ
1657 2470 1793 2511 Boiss.
1830 2470 1893 2511 Fl.

363 2536 383 2563 r
471 2524 541 2563 cit.

382 2593 476 2627 Hab.
497 2594 542 2627 ad
563 2594 699 2628 rivulos
716 2594 752 2627 in
771 2594 867 2628 valle
885 2593 1077 2637 subalpina
1096 2594 1221 2637 Djimil
1241 2594 1346 2627 Ponti
1366 2594 1488 2628 Lazici
1510 2596 1613 2627 6000‘
1632 2593 1773 2638 (Bari).

383 2658 461 2692 Hoc
493 2659 527 2691 in
548 2659 659 2692 Flora
686 2658 864 2693 Orientali
890 2658 936 2693 E.
962 2659 1199 2702 oriyanifolio
1228 2664 1268 2692 ut
1300 2659 1513 2692 varietatem
1550 2658 1798 2701 adnumeravi,
1833 2658 1897 2692 sed

335 2705 581 2739 indumentum
599 2706 714 2748 partis
734 2706 931 2748 superioris
951 2705 1088 2748 plantae
1108 2706 1298 2749 copiosius,
1320 2706 1433 2740 caulis
1454 2705 1596 2748 pedalis
1612 2711 1647 2739 et
1668 2706 1766 2739 ultra
1783 2716 1805 2739 a
1818 2705 1896 2739 basi

336 2753 597 2786 ramosissimus
628 2753 736 2786 ramis
763 2752 934 2786 brevibus
965 2753 1252 2796 erecto-patulis,
1283 2752 1372 2786 folia
1405 2754 1555 2796 minora,
1587 2751 1696 2786 flores
1724 2752 1895 2796 majores.

337 2799 502 2834 Stolones
522 2800 668 2842 insuper
693 2799 823 2833 bulbos
842 2799 1011 2842 globosos
1031 2799 1235 2842 pisiformes
1255 2799 1365 2834 edunt
1396 2800 1491 2842 quod
1522 2801 1557 2833 in
1584 2799 1630 2833 E.
1659 2799 1898 2843 oriyanifolio

337 2856 407 2879 non
428 2846 585 2880 occurrit
603 2846 698 2889 (vide
719 2850 840 2880 notam
861 2845 1155 2891 praecedentem).

221 2979 312 3026 750,
344 2975 437 3016 dele
457 2976 513 3016 Ε.
536 2977 1013 3027 rhynchocarpum
1033 2975 1167 3017 Boiss.
1185 2987 1277 3016 cum
1294 2975 1346 3016 Ε.
1360 2975 1551 3029 palustri
1568 2988 1618 3016 ex
1640 2976 1690 3016 cl.
1712 2975 1777 3016 W.
1796 2975 1898 3016 Bar-

1667 3044 1709 3079 16
