2094 3351
224 200 269 233 :30
952 215 1171 238 ‹munirem-3.
1696 208 1895 244 Matthiola.

222 281 291 311 pag.

341 334 435 368 libus
467 336 655 369 maritimis
687 336 866 379 Bosphori
900 336 1044 379 lectum,
1078 338 1181 380 cujus
1217 338 1356 381 siliqua>
1390 345 1709 383 erecto-patentes
1743 346 1900 385 quatuor

338 381 489 423 pollices
511 389 546 415 et
569 383 723 425 amplius
745 383 874 426 longae,
888 384 1058 427 stigmate
1075 385 1245 428 utrinque
1263 395 1374 419 cornu
1396 386 1527 420 lineam
1549 388 1655 431 longo
1674 394 1792 422 aucto.
1814 389 1898 423 Icon

339 428 457 462 Florae
477 429 614 462 Grseca‘
635 430 807 463 exhibere
827 430 970 464 videtur
993 431 1174 474 specimen
1191 432 1316 473 junius
1337 432 1440 467 caule
1460 433 1507 467 ad
1524 435 1682 468 rosulam
1702 435 1898 470 radicalem

339 475 500 516 reducto,
527 476 589 510 sed
616 477 731 510 serius
752 477 880 519 planta
901 477 1092 521 elongatur
1122 486 1157 512 et
1189 478 1278 512 folia
1306 480 1449 514 caulina
1481 480 1645 515 conferta
1671 482 1837 517 solitaria
1864 489 1900 517 et

338 521 551 556 fasciculam
572 523 651 556 fert.
672 524 758 557 liaee
778 524 832 557 M.
852 525 955 558 varia
972 525 1006 558 in
1031 525 1109 558 loco
1132 525 1246 559 natali
1268 532 1437 560 caeterum
1460 528 1612 562 ulterius
1632 528 1860 563 observanda
1879 540 1900 563 a

337 569 506 649 Mltrim
527 570 621 603 foliis
650 570 849 613 latioribus,
871 571 1010 615 siliquis
1038 572 1276 606 crassioribus
1309 578 1344 607 et
1364 574 1478 607 multo
1506 575 1728 618 longioribus
1753 575 1900 610 differre

339 627 385 649 vu
402 623 493 649 etur.

224 750 310 794 1:3⁴3,
345 748 414 788 Μ.
435 748 616 797 livida,
641 748 774 790 adde:

383 834 451 869 Ar.
474 835 617 878 Geogr.
639 837 790 881 Algeria
812 839 973 881 interior,
994 849 1142 883 regnum
1164 840 1430 875 Maroccanum.

222 981 308 1024 157,
343 979 694 1019 Eremobium
721 980 925 1021 lineare
949 994 957 1021 :

382 1066 437 1099 Ex
460 1067 503 1100 cl.
533 1067 801 1102 Schweinfurth
833 1074 869 1103 et
890 1069 1097 1104 Ascherson
1121 1070 1155 1103 in
1184 1070 1256 1104 litt.
1286 1071 1322 1104 in
1346 1070 1481 1106 ditione
1504 1073 1643 1115 species
1669 1072 1749 1106 duae
1777 1072 1899 1107 distin-

334 1113 487 1155 guendae
508 1115 558 1148 sic
579 1114 816 1149 definiendae:

376 1195 428 1234 E.
464 1195 669 1235 lineare
705 1195 817 1248 (Del.
851 1196 891 1236 in
926 1195 1119 1237 Laborde
1170 1209 1237 1248 ag.
1273 1200 1339 1245 85,
1375 1197 1446 1249 fig.
1484 1201 1506 1238 3
1536 1198 1612 1239 sub
1646 1198 1898 1250 Matthiolci)

323 1259 509 1288 annuum
530 1248 666 1289 virens
686 1260 813 1300 parce
831 1248 1064 1301 pubescens
1085 1262 1133 1290 ve
1170 1249 1437 1301 glabrescens
1463 1251 1614 1303 saepius
1635 1251 1895 1299 viscidulum‚

323 1301 463 1352 calyce
494 1301 840 1352 subpersistente,
863 1302 1022 1353 siliquis
1054 1301 1256 1353 pedicello
1285 1303 1442 1355 4-5-plo
1470 1304 1689 1344 latioribus
1715 1304 1900 1345 breviter

321 1357 363 1392 et
403 1353 622 1394 latiuscule
656 1354 882 1395 linearibus
919 1354 1040 1395 valde
1077 1356 1338 1406 compressis,
1376 1356 1604 1397 seminibus
1638 1357 1726 1397 late
1758 1357 1896 1404 alatis,

324 1405 509 1446 radicula
531 1407 597 1446 vix
617 1406 697 1447 obli
731 1409 785 1446 usi
806 1410 869 1455 Θ.
889 1407 1094 1460 Hesperie
1114 1407 1277 1461 diffusa
1300 1409 1504 1450 Decaisne
1523 1409 1635 1449 Flor.
1660 1407 1747 1450 Sin.
1770 1422 1811 1462 p.
1831 1414 1896 1451 47.

322 1482 373 1486 -—
393 1458 642 1500 Male—olma
660 1489 678 1500 1
717 1460 920 1512 ,ᾳῑχρὺὶαεα
940 1472 1027 1500 var.
1051 1477 1092 1502 α.
1117 1460 1296 1502 linearis
1316 1460 1472 1502 Cosson
1498 1461 1562 1505 ΙΙΙ.
1590 1461 1675 1502 Atl.
1704 1475 1802 1514 pag.
1831 1466 1896 1511 22,

323 1511 411 1551 tab.
436 1515 497 1560 15,
521 1511 592 1562 fig.
618 1516 722 1553 1-15.

380 1583 474 1618 Hab.
497 1585 532 1618 in
548 1584 686 1618 Arabia
710 1586 852 1628 petraea
873 1584 1023 1626 (Auch.!
1044 1585 1161 1620 Bove!
1182 1585 1358 1629 Schimp.!
1379 1586 1514 1620 Boiss.!
1535 1587 1666 1631 Postl),
1683 1588 1719 1621 in
1738 1587 1898 1631 AEgypto

335 1632 451 1665 rarius
468 1632 503 1665 in
524 1631 667 1666 deserto
688 1632 846 1667 Arabico
867 1632 1064 1667 Thebaidis
1085 1632 1336 1676 (Schweinffl),
1354 1633 1400 1667 ad
1418 1633 1589 1668 Salchieh
1607 1635 1731 1678 (Asch.
1747 1635 1782 1668 in
1801 1634 1898 1675 litt).

375 1763 428 1802 Ε.
451 1763 836 1814 AEqyptiacum
858 1762 1056 1816 (Spreng.
1075 1763 1151 1804 sub
1171 1763 1438 1815 Malcolmz'ci)
1454 1776 1639 1805 annuum
1653 1765 1899 1806 indumento

323 1819 557 1856 tomentoso
593 1816 777 1867 griseum
811 1828 893 1857 non
925 1817 1188 1865 viscidulum‚
1225 1817 1366 1869 calyce
1400 1817 1482 1858 cito
1515 1817 1704 1867 deciduo,
1740 1818 1899 1870 siliquis

321 1868 522 1920 pedicello
549 1868 615 1909 vix
646 1868 771 1921 duplo
799 1869 1019 1910 latioribus
1055 1869 1178 1921 longe
1211 1872 1254 1910 et
1286 1874 1465 1922 anguste
1490 1870 1718 1912 linearibus
1750 1883 1898 1923 parum

321 1922 584 1973 compressis,
617 1922 846 1963 seminibus
873 1923 1045 1974 apteris,
1075 1922 1265 1963 radicula
1291 1923 1460 1975 obliqua
1485 1923 1719 1964 subdorsali
1746 1927 1810 1973 Θ.
1842 1923 1895 1965 E.

321 1974 626 2026 *quptiacum
645 1975 771 2015 Ascli.
794 1975 836 2016 in
857 1975 940 2015 litt.
963 1999 1015 2003 -—
1033 1975 1242 2028 Hesperie
1269 1975 1560 2017 ramosissima
1585 1977 1678 2017 Del.
1709 1976 1774 2017 Ill.
1798 1976 1896 2028 AEg.

322 2026 376 2066 ΝΟ
398 2030 473 2068 595
495 2039 576 2067 non
598 2027 712 2068 Desf.
741 2051 792 2055 —-
815 2027 1102 2070 Clzeztranthus
1133 2028 1290 2070 lividus
1316 2027 1428 2069 Sieb.
1458 2040 1543 2069 exs.
1574 2053 1625 2058 -
1650 2029 1899 2071 Malcolmz'a

322 2079 580 2172 Ah'Ewptha
613 2092 700 2121 var.
737 2084 774 2135 β.
810 2081 1070 2134 AEqyptz'aca
1104 2080 1260 2122 Cosson
1299 2081 1363 2122 Ill.
1398 2081 1484 2122 Atl.
1520 2094 1562 2134 p.
1603 2085 1667 2130 23,
1703 2082 1792 2123 tab.
1834 2086 1896 2130 15,

356 2165 397 2183 ὃ.
425 2136 556 2173 16-25.

381 2204 474 2238 Hab.
492 2205 528 2238 in
548 2204 711 2249 AEgypto
729 2204 901 2240 inferiore
919 2211 955 2240 et
974 2204 1094 2240 media
1111 2205 1220 2249 (Del.‚
1238 2205 1351 2240 Sieb.!
1372 2206 1516 2240 Wiest.!
1536 2206 1745 2241 Schweinf.!
1766 2207 1861 2245 ete).

380 2268 541 2303 Ulterius
558 2268 823 2302 observandum
842 2273 964 2303 tamen
983 2279 1102 2303 nonne
1120 2268 1246 2302 formis
1267 2268 1489 2303 intermediis
1515 2269 1551 2302 in
1570 2279 1680 2302 unum
1701 2267 1897 2311 confluant,

334 2321 373 2348 ut
402 2316 445 2349 cl.
474 2316 609 2351 Cosson
627 2317 810 2359 opinatur.
831 2316 957 2350 Tertia
978 2315 1082 2350 adest
1103 2316 1242 2359 species
1269 2315 1340 2358 (vel
1366 2317 1526 2350 varietas
1546 2326 1590 2350 ex
1617 2316 1660 2350 cl.
1683 2316 1830 2357 Cosson)
1852 2316 1897 2350 E.

333 2363 607 2407 lonyi.si'lz'qzcztvvz.
643 2383 679 2387 —
711 2363 765 2397 M.
797 2363 1024 2408 AEgyyptiaca
1052 2373 1128 2396 var.
1160 2363 1388 2407 lonqisiliqua
1417 2363 1552 2398 Cosson
1584 2363 1641 2396 Ill.
1671 2363 1746 2397 Atl.
1777 2374 1811 2406 p.
1842 2365 1898 2406 23,

336 2409 398 2443 tab
427 2412 478 2443 16.
508 2410 628 2444 Genus
653 2410 884 2444 Eremobt'um.
910 2411 1031 2454 potius
1056 2410 1184 2444 habitu
1206 2416 1241 2444 et
1262 2409 1471 2444 indumento
1496 2420 1603 2453 quam
1625 2410 1898 2444 characteribus

333 2456 445 2491 firmis
466 2468 486 2491 a
509 2457 717 2491 Malcolmic'c
736 2457 868 2492 differt.

220 2605 307 2649 157,
341 2601 589 2641 Farsetia
609 2601 973 2653 lonqisiliqua‚
998 2601 1105 2643 adde
1128 2615 1136 2641 2

336 2735 345 2777 (
381 2688 473 2722 Hah.
504 2689 537 2769 ip
569 2689 722 2724 littorali
751 2690 975 2734 AEgyptiaco
1001 2690 1111 2723 maris
1140 2688 1255 2723 Rubri
1284 2689 1379 2723 inter
1408 2688 1556 2723 Kasseir
1588 2694 1624 2722 et
1655 2689 1728 2722 Bas
1761 2689 1898 2723 Benass

350 2736 509 2771 Schwcin
533 2737 585 2768 .!›.

219 2880 306 2916 159.
340 2879 434 2927 post
452 2876 505 2915 F.
529 2875 742 2915 ovalem
762 2875 922 2916 insere:

375 2963 429 3003 Γ.
464 2963 845 3002 ramosissima
877 2961 1072 3013 (Hochst.
1098 2962 1137 3001 in
1169 2960 1310 3001 sched.
1333 2972 1418 3001 cxs.
1443 2959 1616 3001 Kotsch.
1645 2959 1737 3011 261)
1758 2970 1898 2999 annua
