2094 3351
235 273 302 309 196

231 355 301 390 Pag.

946 287 1199 311 LEGUMINOSAE.
1683 276 1913 323 Rhynchosia.

234 411 325 455 626,
357 413 453 461 post
474 409 879 459 Rhynchosiam
899 410 1338 460 pulverulentam
1358 409 1494 450 insere
1516 422 1524 449 :

226 2067 318 2111 (326,

395 496 491 543 Ru.
516 496 741 537 minima
763 496 829 548 (L.
854 495 925 549 Sp.
952 499 1054 538 1020
1072 497 1149 538 sub
1170 496 1368 541 Dolichol
1385 496 1651 549 glabrescens
1668 497 1733 538 vel
1748 497 1913 549 glabra,

339 545 529 589 caulibus
560 550 784 600 prostratis
817 550 881 590 vel
910 549 1160 591 volubilibus
1194 549 1391 590 tenuibus
1423 550 1730 598 ramosissimis,
1764 549 1915 591 foliolis

338 601 476 653 parvis
499 601 717 642 deltoideis
741 601 901 643 obtusis
927 602 1076 643 subtus
1104 602 1598 655 glanduloso-punctatis,
1624 603 1800 643 racemis
1820 602 1917 643 bre·

339 654 445 694 viter
463 653 757 706 pedunculatis
776 654 974 696 laxifloris
1000 654 1098 695 folia
1123 655 1435 703 excedentibus,
1466 654 1617 707 calycis
1645 655 1915 706 pubescentis

338 706 534 747 dentibus
560 706 1029 748 inferioribussetaceis
1054 707 1155 749 tubo
1180 707 1304 760 duplo
1333 707 1604 759 longioribuS,
1632 707 1785 748 corolla
1804 707 1915 748 flava

337 760 477 811 calyce
510 759 564 800 du
597 759 635 800 lo
663 759 864 811 longiore,
892 760 1103 811 legumine
1131 760 1421 811 glabrescente
1450 760 1629 811 oblongo
1657 760 1912 801 subrecurvo

337 811 507 905 turin3do
521 823 567 905 {za
587 824 662 906 yff
677 813 801 865 tiiplo
816 813 1017 865 longiore,
1034 813 1260 854 seminibus
1278 825 1357 853 non
1374 813 1617 859 arillatiszlt.
1634 812 1718 854 Rh.
1734 812 1912 854 minima

336 878 404 906 nc.
462 877 525 906 ro(
542 878 593 914 r.,
660 898 668 914 ‚
693 869 784 907 385.

394 936 487 971 Hab.
515 937 549 970 in
573 938 720 981 regione
746 937 918 972 inferiore
947 937 1052 971 vallis
1082 937 1218 971 Kuram
1250 936 1455 981 Affghaniae
1481 937 1575 971 inter
1596 937 1689 971 Thal
1717 942 1752 971 et
1776 937 1912 980 Chapri

347 985 451 1017 3000‘
469 983 618 1019 frutices
640 984 829 1018 frondibus
850 984 1026 1028 obtegens
1048 984 1211 1027 (Aitch.).

394 1046 525 1081 Affinis
545 1047 615 1082 Rh.
636 1048 855 1082 Memnonioe
872 1053 907 1082 et
924 1048 1195 1091 pulverulentae.

395 1111 462 1165 Ar.
485 1110 626 1154 Geogr.
649 1112 791 1156 Ubique
814 1113 850 1146 in
877 1111 1084 1155 regionibus
1108 1113 1268 1156 tropicis,
1290 1112 1328 1145 P.
1350 1112 1390 1146 B.
1411 1112 1506 1155 Spei,
1529 1112 1698 1145 America
1715 1111 1854 1146 boreali
1875 1117 1914 1146 et

346 1161 501 1203 tropica.

298 1311 319 1337 .,
351 1294 446 1342 post
471 1291 569 1330 Rh.
596 1290 903 1340 Schimperi
926 1290 1062 1330 insere
1085 1302 1092 1329 :

389 1378 486 1417 Rh.
511 1386 677 1416 aurea
695 1376 855 1427 (Willd.
873 1375 979 1416 Nov.
1001 1375 1096 1416 Act.
1114 1375 1229 1424 Ber.,
1252 1375 1325 1424 IV,
1352 1377 1399 1416 18
1415 1375 1491 1416 sub
1509 1374 1705 1427 Glycine)
1726 1375 1914 1416 tenuiter

333 1435 375 1471 et
394 1430 539 1482 patule
559 1429 805 1481 pubescens,
837 1429 1025 1469 caulibus
1055 1428 1252 1469 tenuibus
1282 1428 1487 1480 elongatis
1519 1427 1907 1480 procumbentibus,

333 1482 481 1523 foliolis
502 1482 702 1523 viridibus
723 1481 1202 1522 obovato-rhomboideis
1227 1492 1407 1533 superne
1438 1480 1798 1532 glabrescentibus
1827 1485 1913 1521 ter-

334 1536 478 1576 minali
497 1535 714 1587 petiolato,
738 1535 914 1575 racemis
935 1535 1120 1575 breviter
1139 1533 1431 1586 pedunculatis
1458 1533 1653 1574 brevibus
1673 1532 1909 1574 multifloris

333 1588 429 1629 folia
452 1600 530 1629 non
554 1587 866 1635 excedentibus,
900 1587 1051 1638 calycis
1080 1587 1347 1639 pubescentis
1375 1586 1570 1627 dentibus
1598 1586 1776 1627 setaceis
1808 1585 1912 1627 infe-

334 1641 512 1682 rioribus
543 1641 645 1681 tubo
676 1641 831 1692 3-4-plo
857 1640 1129 1691 longioribus,
1153 1639 1307 1680 corolla
1334 1639 1449 1680 lutea
1479 1639 1620 1692 calyce
1649 1650 1797 1691 pamm
1823 1639 1912 1680 lon-

333 1696 461 1743 giore,
486 1694 694 1745 legumine
726 1694 981 1745 pubescente
1002 1693 1172 1745 globoso
1201 1692 1372 1734 subcom
1404 1704 1533 1740 resso,
1565 1692 1792 1733 seminibus
1814 1692 1911 1733 aril-

333 1748 429 1788 latis
453 1751 510 1792 2¹„
538 1747 626 1788 Rh.
650 1759 783 1788 aurea
804 1760 872 1788 Dc.
897 1747 1062 1794 Procn„
1091 1746 1147 1793 II,
1171 1749 1263 1787 286.
1286 1769 1336 1774 -
1408 1745 1448 1786 h.
1471 1745 1659 1798 capitata
1678 1758 1747 1786 Do.

345 1819 492 1910 (Allalb.)
518 1819 554 1853 in
586 1819 732 1862 regione
764 1818 936 1852 inferiore
973 1817 1081 1852 vallis
1117 1817 1255 1852 Kuram
1290 1816 1496 1861 Affghaniae
1528 1818 1563 1850 in
1595 1816 1770 1860 lapidosis
1805 1818 1912 1851 3000'

393 1873 441 1900 lte
472 1894 477 1900 .
499 1894 505 1900 .

390 1931 458 1965 Ar.
481 1930 625 1973 Geogr.
647 1931 759 1965 Indiae
777 1931 959 1975 planities

350 2070 445 2115 post
467 2064 873 2114 Rhynchosiam
893 2063 1031 2103 insere
1053 2075 1060 2102 :

606 2202 683 2243 Ta.
707 2201 766 2242 IX
781 2201 855 2242 bis.
889 2225 930 2229 —
967 2199 1351 2242 DALBERGIEAE
1370 2199 1524 2240 Benth.

382 2323 573 2365 Stamina
591 2323 870 2376 monadelpha
890 2323 951 2364 vel
975 2323 1212 2375 diadelpha.
1234 2322 1434 2364 Antherae
1448 2322 1488 2363 in
1505 2323 1649 2363 nostra
1662 2320 1906 2363 uniformes.

333 2377 547 2429 Legumen
567 2377 846 2418 indehiscens.

596 2569 933 2619 DALBERGIA
971 2568 1403 2636 (Lm.fi1.s11pp1.‚
1435 2569 1535 2633 52).

385 2722 514 2776 Calyx
544 2723 864 2774 campanulatus
892 2723 1077 2763 breviter
1103 2720 1500 2774 quinquedentatus.
1534 2720 1700 2762 Corolla
1724 2724 1906 2761 exserta.

330 2776 536 2817 Vexillum
559 2782 743 2824 ovatum,
767 2776 844 2816 alae
873 2775 1078 2827 oblongae,
1110 2775 1261 2816 carinae
1293 2774 1434 2826 petala
1464 2774 1581 2826 apice
1613 2777 1779 2814 tantum
1812 2784 1908 2814 con·

331 2834 446 2870 nata.
471 2829 663 2870 Stamina
682 2829 723 2869 in
743 2829 938 2882 vaginam
959 2839 1139 2880 superne
1165 2828 1305 2868 fissam
1332 2831 1527 2875 connata,
1556 2826 1752 2867 vexillare
1778 2826 1907 2866 inter-

333 2882 430 2922 dum
453 2882 628 2923 liberum
650 2882 715 2922 vel
742 2881 951 2922 deficiens.
983 2880 1181 2921 Antherae
1202 2892 1341 2932 parvae
1360 2879 1546 2921 basifixae
1561 2880 1668 2920 rima
1686 2879 1802 2920 brevi
1824 2882 1908 2918 ter-

331 2935 472 2975 minali
487 2934 763 2976 dehiscentes.
778 2933 976 2976 Ovarium
988 2938 1156 2974 ovatum
1171 2933 1525 2985 pauciovulatum.
1542 2932 1757 2984 Legumen
1770 2943 1906 2971 sama·

332 2988 518 3029 roideum
538 2988 708 3040 planum
730 2991 856 3028 tenue
875 2987 1012 3028 medio
1034 2986 1373 3039 oligospermum.
1398 2984 1567 3026 Semina
1583 2984 1838 3026 reniforrnia.
1854 3006 1906 3012 —

330 3040 521 3081 Frutices
542 3041 604 3081 vel
626 3040 796 3081 arbores
817 3039 925 3080 foliis
945 3039 1281 3092 imparipinnatis
1301 3039 1438 3079 rarius
1458 3038 1743 3079 unifoliolatis.
