2115 3250
228 202 397 239 Achillea.
954 211 1175 236 COMPOSITAE.
1827 199 1892 235 297

227 285 298 319 Pag.

230 828 320 873 277,

231 1232 321 1277 283,

240 2264 329 2309 290,

332 343 396 378 tos
429 337 560 378 elatos
598 336 739 385 edens,
780 335 886 376 foliis
923 335 1107 375 breviter
1143 334 1467 385 pubescentibus
1503 334 1646 375 crebre
1683 335 1895 386 punctatis

333 390 495 430 ambitu
530 389 718 440 oblongis
751 389 793 428 in
825 388 995 428 lacinias
1029 391 1207 437 anguste
1239 387 1415 426 lineares
1449 391 1593 426 acutas
1632 386 1896 437 divergentes

332 442 678 494 bipinnatisectis,
701 441 905 492 supremis
925 439 1136 480 sessilibus
1151 438 1422 490 pinnatifidiS,
1441 439 1636 490 corymbo
1652 440 1893 490 composito,

332 495 523 546 capitulis
566 495 719 545 parvis,
766 493 965 533 involucri
1008 491 1157 543 phyllis
1195 491 1575 539 subconcoloribus‚
1616 491 1754 542 ligulis
1793 491 1896 532 albis

332 547 570 588 rotundatis
590 546 850 587 involucrum
870 544 1134 596 aequantibus
1162 547 1219 590 ⁸21.

392 618 484 652 Hab.
505 618 541 651 in
561 622 682 651 monte
703 616 838 651 Scardo
857 615 1080 650 Macedoniae
1102 614 1257 658 (Griseb.
1279 625 1322 648 ex
1343 614 1515 657 Heimerl,
1537 614 1604 648 loc.
1626 615 1696 657 cit.,
1717 625 1751 658 p.
1773 614 1843 657 30).

392 679 460 714 Ar.
483 679 625 723 Geogr.
647 680 845 723 Dalmatia,
863 679 1113 722 Montenegro,
1134 678 1278 712 Bosnia.

353 826 412 865 A.
437 824 662 872 Fraasii‚
687 823 795 865 adde
818 836 826 863 :

387 915 425 966 β.
461 911 650 965 Trojana
671 911 881 963 (Aschers.
905 914 948 951 et
968 909 1154 950 Heimerl
1174 909 1251 949 loc.
1269 908 1358 954 cit.,
1375 920 1415 960 p.
1437 908 1520 958 51).
1538 931 1587 935 —
1604 906 1770 948 Sericea
1791 907 1903 948 albo-

333 968 584 1013 tomentosa,
608 968 827 1016 segmenta
848 962 1041 1004 foliorum
1074 961 1316 1003 inferiorum
1346 960 1579 1012 regularius
1600 960 1774 1001 2-3-fida
1798 960 1902 1001 lobis

333 1017 606 1066 brevioribus,
631 1016 817 1069 capitula
831 1015 972 1068 paullo
992 1015 1166 1067 maj0ra.

393 1088 485 1123 Hab.
506 1089 542 1122 in
557 1093 679 1122 monte
700 1087 765 1122 Ida
785 1086 939 1121 Troadis
961 1086 1064 1129 (Sint.
1085 1087 1152 1119 429
1166 1086 1201 1128 l).

343 1233 439 1281 post
458 1228 840 1268 Anthemidem
864 1226 1220 1266 Palaestinam
1240 1225 1376 1265 insere
1394 1236 1401 1263 :

385 1317 444 1355 A.
467 1314 835 1365 melanolepis‚
859 1325 1000 1353 annua
1019 1324 1143 1364 parce
1163 1311 1319 1351 hirtula
1340 1314 1383 1350 et
1403 1309 1670 1361 glabrescens
1696 1307 1854 1360 pumila
1883 1319 1906 1347 a

336 1368 426 1409 basi
462 1367 724 1408 divaricatim
762 1371 804 1407 et
840 1365 1076 1406 dichotome
1114 1375 1293 1411 ramosa,
1334 1363 1461 1403 ramis
1495 1362 1644 1402 crassis
1676 1361 1831 1402 sensim
1864 1360 1906 1400 in

337 1421 593 1473 pedunculos
641 1419 1100 1460 clavato-incrassatos
1149 1416 1416 1463 abeuntibus,
1464 1414 1570 1455 foliis
1614 1412 1906 1454 subsessilibus

337 1473 525 1525 oblongis
551 1474 592 1513 in
619 1473 821 1513 lacinulas
847 1482 998 1523 parvas
1019 1470 1219 1521 oblongas
1248 1467 1654 1520 calloso-spinulosas
1682 1465 1907 1518 bipinnati-

337 1527 477 1575 sectis,
501 1526 694 1578 capitulis
714 1525 867 1577 parvis,
890 1523 1090 1564 involucri
1123 1522 1322 1574 adpresse
1353 1521 1505 1561 hirsuti
1536 1519 1686 1572 phyllis
1719 1518 1908 1570 oblongis

339 1579 663 1631 adpressissimis
675 1578 831 1619 intimis
844 1577 960 1628 apice
971 1576 1257 1623 subscariosis,
1273 1574 1409 1625 ligulis
1422 1573 1527 1613 albis
1539 1572 1728 1623 oblongis
1741 1570 1908 1612 deflexis

340 1633 451 1673 disco
472 1632 538 1672 vix
558 1631 817 1683 aequilongis,
834 1628 1086 1681 receptaculi
1108 1627 1411 1679 hemisphaerici
1425 1626 1555 1678 paleis
1571 1624 1767 1665 coriaceis
1783 1624 1908 1675 nigri-

340 1685 690 1736 canti-purpureis
721 1683 909 1723 cuneatis
930 1682 1047 1733 apice
1071 1681 1257 1722 breviter
1287 1678 1536 1730 triangulari
1555 1682 1769 1730 pungente
1790 1676 1909 1717 ache-

339 1738 408 1778 nia
427 1736 819 1788 subsupemntibus,
843 1735 1093 1775 exteriorum
1116 1732 1287 1785 cuspide
1306 1733 1492 1783 longiore
1511 1730 1771 1771 involucrum
1791 1741 1910 1781 supe-

338 1794 474 1839 rante,
507 1790 689 1830 acheniis
721 1787 1208 1839 tetragono-compressis
1241 1785 1345 1826 albis
1376 1785 1555 1836 utraque
1588 1782 1694 1823 facie
1727 1782 1911 1822 tenuiter

341 1843 628 1884 S-lO-costatis
650 1842 769 1894 apice
788 1841 977 1891 margine
994 1843 1173 1891 angusto
1194 1838 1344 1879 obtuso
1365 1837 1575 1889 superatis
1597 1839 1659 1885 Θ.

400 1913 493 1948 Hab.
510 1914 546 1947 in
567 1913 675 1947 cultis
697 1912 803 1956 Cypri
824 1921 938 1954 prope
958 1911 1125 1944 Larnaca
1145 1909 1249 1953 (Sint.
1271 1914 1307 1943 et
1324 1909 1415 1952 Rigo
1434 1907 1546 1947 8040.

399 1977 531 2011 Planta
550 1976 814 2019 3-4-pollicaris
836 1979 958 2008 erecta
973 1973 1079 2007 valde
1100 1972 1301 2007 divaricata
1316 1982 1422 2015 quam
1444 1971 1544 2014 prius
1563 1980 1630 2014 pro
1645 1970 1689 2004 A.
1706 1968 1913 2003 Pazaestinae

354 2025 532 2058 varietate
552 2023 674 2065 habui,
695 2022 758 2056 sed
779 2032 858 2065 quae
888 2021 933 2055 ab
962 2022 1004 2055 ea
1027 2026 1161 2063 praeter
1192 2019 1314 2053 caules
1342 2028 1455 2052 nanos
1488 2017 1604 2061 paleis
1637 2027 1707 2050 non
1736 2015 1914 2049 truncatis

355 2071 504 2114 obtusis,
522 2071 585 2105 sed
604 2080 724 2104 crasse
746 2069 877 2103 conicis
899 2067 1142 2111 pungentibus
1163 2067 1315 2101 achenia
1344 2064 1601 2109 superantibus
1622 2070 1657 2099 et
1687 2063 1846 2097 externis
1878 2062 1914 2096 in

355 2129 491 2153 cornua
509 2118 735 2152 involucrum
757 2116 969 2159 superantia
989 2114 1178 2158 productis
1201 2113 1333 2147 differt.

361 2265 455 2313 post
475 2262 532 2301 A.
557 2259 939 2311 Carpathicam
959 2257 1096 2297 insere
1119 2269 1127 2297 :

396 2347 453 2385 A.
478 2345 691 2386 cinerea
714 2340 888 2395 (Pancic
911 2341 1046 2382 Elem.
1070 2340 1124 2381 ad
1149 2339 1212 2380 Fl.
1249 2338 1390 2390 Bulg.,
1424 2350 1465 2390 p.
1503 2336 1571 2388 39)
1601 2334 1917 2388 adpressissime

345 2399 780 2444 cinereo-tomentosa,
813 2395 1044 2436 rhizomate
1070 2393 1268 2434 indurato
1302 2389 1540 2432 caudiculos
1571 2389 1718 2430 breves
1751 2386 1917 2428 foliosos

344 2451 568 2503 caulesque
593 2449 760 2490 foliosos
786 2447 1107 2499 monocephalos
1137 2445 1303 2492 edente,
1327 2443 1434 2485 foliis
1454 2441 1708 2483 radicalibus
1729 2444 1772 2481 et
1792 2439 1918 2480 cauli-

346 2504 408 2544 nis
432 2503 697 2544 inferioribus
717 2502 840 2552 longe
869 2500 1081 2553 petiolatis
1111 2498 1273 2539 ambitu
1299 2496 1432 2537 ovatis
1459 2494 1742 2547 superioribus
1768 2491 1919 2533 sessili-

344 2556 422 2597 bus
442 2556 696 2608 spathulatis
717 2554 907 2595 omnibus
928 2554 970 2593 in
991 2552 1163 2593 lacinias
1183 2551 1330 2592 breves
1357 2549 1558 2601 oblongas
1585 2547 1757 2588 obtusas
1784 2545 1918 2597 bipin-

346 2610 575 2657 natisectis‚
614 2608 807 2660 capitulis
841 2606 1021 2658 magnis,
1056 2603 1309 2656 receptaculi
1341 2601 1491 2654 phyllis
1524 2600 1697 2641 hirsutis
1729 2597 1919 2650 margine

344 2663 524 2702 scarioso
546 2662 664 2713 nigro
686 2660 832 2701 cinctis
854 2659 1036 2700 externis
1056 2655 1387 2709 triangularibus
1412 2654 1589 2695 internis
1610 2652 1800 2703 margine
1823 2649 1920 2691 sub-

348 2714 510 2763 laceris,
534 2713 672 2766 ligulis
691 2713 795 2754 albis
817 2711 929 2752 disco
956 2710 1228 2762 longioribus,
1252 2708 1435 2749 acheniis
1465 2705 1637 2748 minutis
1671 2703 1844 2745 costatis
1878 2706 1921 2743 et

349 2767 520 2808 sulcatis
540 2766 616 2807 sub
638 2766 751 2806 lente
776 2765 961 2806 tenuiter
990 2768 1228 2804 transverse
1252 2760 1461 2813 rugulosis
1482 2759 1599 2811 apice
1625 2756 1921 2809 angustissime

351 2820 599 2871 marginatis
626 2822 684 2865 Ql.

409 2890 503 2924 Hab.
524 2891 560 2924 in
580 2890 727 2933 regione
748 2888 872 2932 alpina
891 2887 1022 2922 montis
1042 2886 1123 2920 Rilo
1145 2885 1313 2919 Thraciae
1335 2881 1520 2926 (Pancicll.

412 2954 542 2990 Caules
570 2953 721 2997 pedales
752 2957 858 2996 parte
888 2951 1076 2995 superiore
1107 2949 1204 2993 nudi,
1236 2949 1483 2983 indumentum
1513 2956 1641 2981 canum
1663 2946 1710 2979 A.
1740 2942 1925 2988 absynthi-
