2094 3351
233 185 301 222 146

233 323 309 363 902

233 691 309 729 903

233 1406 310 1444 904

233 1688 311 1726 904

235 2020 311 2058 905

233 2288 310 2327 905

234 2505 311 2544 905

235 2882 312 2922 906

931 193 1208 217 neomutus.
1725 179 1903 215 Tribulus.

316 353 324 369 ‚
356 320 410 360 T.
431 317 732 365 terrestris,
758 319 796 370 β.
819 315 1033 367 robustus,
1055 314 1164 357 adde
1186 328 1194 355 :

396 406 491 441 Hah,
512 406 548 440 in
566 405 671 439 cultis
691 405 788 438 circa
810 403 983 438 Bebehan
1000 403 1133 438 Persiae
1154 402 1326 437 australis
1348 401 1563 446 (Haussk.!).

391 504 428 540 γ.
457 485 650 533 inermis,
677 484 815 525 adde:

398 557 493 593 Hab.
511 558 547 591 in
565 556 671 590 cultis
689 555 823 590 deserti
843 555 938 589 inter
958 554 1116 589 Kaukab
1137 559 1172 588 et
1192 553 1369 588 Kahiram
1388 553 1556 598 (Gaill.!).

317 720 324 735 ‚
359 687 412 726 T.
441 687 836 735 macropteruS‚
860 682 952 724 dele
970 693 1062 735 syn.
1088 695 1096 722 :
1124 681 1173 723 T.
1226 684 1468 734 terocarpus
1492 681 1679 723 Ehrenb.
1703 685 1746 723 et
1765 681 1874 723 adde
1897 694 1905 723 :

344 739 393 780 T.
416 737 638 780 Ehrenber
667 736 700 777 ii
719 735 844 777 Asch.
866 736 909 776 iu
931 734 1149 776 Schweinf.
1210 735 1304 776 eitr.
1326 734 1389 775 Fl.
1412 733 1531 775 AEth.
1553 733 1739 783 Aufz.4⁰‚
1763 737 1836 776 571
1861 753 1908 768 =

344 791 393 833 T.
417 791 619 833 cristatus
677 789 825 830 hrenb.
845 789 886 829 in
907 787 1054 829 eodem
1074 799 1198 840 opere
1216 799 1258 840 p.
1282 790 1331 829 29
1352 798 1434 828 non
1453 787 1585 828 Presl.

397 878 491 914 Hah.
519 887 662 921 quoque
689 877 725 911 in
750 876 914 920 AEgypto
942 885 1058 919 prope
1084 875 1207 910 Philas
1233 879 1269 909 et
1294 874 1341 909 ad
1368 874 1550 909 Emshehr
1578 874 1612 909 el
1641 874 1788 909 Bahara
1816 874 1911 909 inter

352 926 528 960 Kahiram
546 929 582 959 et
601 925 692 960 Suez
715 922 888 967 (Ehrenb.
901 922 935 966 t),
956 923 993 957 in
1008 922 1134 957 Persia
1154 932 1268 966 prope
1288 921 1450 958 Schurab
1472 921 1688 965 (Haussk.!).

399 989 453 1026 Cl.
474 988 689 1031 Ehrenberg
709 985 965 1031 speciminibus
986 996 1031 1021 ex
1050 985 1163 1020 Philis
1183 995 1312 1020 nomen
1334 986 1618 1029 manuscriptum
1645 985 1681 1019 T.
1700 985 1913 1029 macropteri

348 1037 426 1081 Jam
446 1035 641 1078 adscripsit
662 1039 697 1069 et
716 1034 797 1069 ideo
819 1033 953 1078 speciei
967 1033 1105 1077 primus
1126 1037 1263 1067 auctor.
1282 1033 1319 1067 T.
1334 1036 1570 1077 pterocarpus
1587 1031 1747 1066 Ehrenb.
1767 1032 1854 1067 Mss.
1875 1037 1911 1067 et

352 1084 465 1118 Beitr.
486 1082 663 1117 F1.AEth.
697 1092 730 1125 p.
758 1082 802 1115 29
832 1080 960 1124 planta
984 1079 1126 1114 Nubica
1150 1079 1337 1123 hueusque
1365 1080 1402 1114 in
1427 1080 1589 1124 AEgypto
1618 1089 1689 1113 non
1718 1078 1912 1114 observata

354 1130 477 1165 differt
496 1129 670 1172 imprimis
688 1128 756 1162 alis
780 1127 1025 1171 carpellorum
1051 1127 1202 1171 integris
1221 1127 1281 1161 vix
1304 1126 1490 1161 undulatis
1513 1131 1548 1161 et
1568 1136 1612 1160 ex
1629 1125 1674 1160 cl.
1692 1126 1910 1170 Ascherson,

352 1178 414 1222 qui
434 1177 521 1211 mihi
541 1181 646 1210 notas
669 1175 920 1219 praecedentes
941 1179 977 1209 et
997 1174 1193 1217 specimina
1216 1173 1520 1218 Ehrenbergiana
1544 1173 1700 1217 benigne
1720 1174 1911 1208 communi-

353 1225 459 1267 cavit,
481 1223 605 1258 forsan
631 1222 756 1257 eadem
779 1222 918 1266 species
944 1231 987 1256 ac
1014 1221 1051 1255 T.
1079 1221 1345 1266 meqistopterus
1369 1221 1501 1255 Kralik
1527 1231 1570 1255 ex
1598 1219 1738 1255 Arabis
1767 1221 1910 1265 tropice⁴

352 1281 458 1316 quem
479 1281 550 1305 non
567 1269 730 1304 vidimus.

317 1434 325 1450 ,
359 1400 595 1453 Faqonia
613 1399 851 1447 latifolia,
875 1397 983 1440 adde
1006 1411 1014 1439 :

398 1488 492 1523 Hab.
510 1489 546 1522 iu
564 1492 686 1522 monte
703 1486 817 1522 Gebel
838 1486 872 1521 el
893 1486 1052 1521 Achmar
1071 1495 1187 1531 prope
1206 1485 1382 1520 Kahiram
1401 1484 1626 1525 (Schweinf.!
1646 1485 1793 1521 Cramer
1805 1485 1839 1530 1).

400 1553 430 1588 Ε
447 1551 647 1587 rarioribus
667 1551 809 1596 generis
830 1556 866 1586 et
887 1550 1073 1595 hucusque
1093 1551 1188 1585 circe
1208 1550 1385 1585 Kahiram
1403 1554 1556 1585 tantum.

318 1717 326 1732 ‚
358 1684 411 1723 F.
436 1682 725 1734 glutinosa,
748 1679 857 1722 adde
879 1693 887 1720 :

400 1771 494 1806 Hab.
530 1771 567 1805 in
606 1769 750 1805 deserto
790 1768 947 1804 Arabico
982 1769 1136 1814 AEgypti
1171 1768 1299 1804 mediae
1337 1768 1384 1803 ad
1420 1768 1537 1804 Ouadi
1575 1768 1642 1804 Om
1676 1768 1911 1803 Dhamarana

353 1817 557 1862 (Schweinf.
582 1819 643 1852 371
663 1817 776 1852 mixta
794 1827 872 1851 cum
891 1816 936 1851 F.
955 1816 1230 1861 myriacanthd).

399 1881 467 1916 Ar.
489 1880 631 1923 Googr.
652 1880 802 1925 Algeria
822 1880 984 1915 interior.

318 2049 326 2064 ,
357 2016 412 2056 Γ.
437 2015 665 2062 Cretica,
689 2013 797 2054 adde
819 2026 827 2054 :

354 2101 493 2194 18ξίῧὶ).
511 2102 547 2136 in
567 2101 743 2136 calcareis
762 2106 797 2135 et
811 2101 905 2135 inter
919 2104 1060 2145 segetes
1079 2099 1126 2135 ad
1142 2100 1301 2134 Mariout
1314 2110 1430 2145 prope
1444 2099 1707 2135 Alexandriam
1722 2098 1911 2144 (Letourn.

317 2317 326 2333 ‚
357 2284 412 2324 P.
438 2282 720 2329 Kahirina‚
743 2279 851 2322 adde
873 2293 881 2321 :

398 2371 492 2406 Hsb.
512 2371 549 2406 in
568 2375 690 2405 monte
706 2369 819 2404 Gebel
835 2368 994 2404 Achmar
1013 2379 1128 2413 prope
1145 2369 1321 2404 Kahiram
1341 2367 1481 2413 (Gaill.!
1495 2368 1702 2404 Schweinf.!
1717 2369 1908 2413 Cramerl).

318 2535 326 2550 ‚
357 2502 411 2542 P.
436 2499 741 2552 Bruquieri‚
767 2498 876 2540 adde
898 2511 906 2539 ε

400 2589 494 2624 Hab.
528 2590 563 2624 in
592 2593 713 2623 monte
735 2587 850 2623 Gebel
871 2587 1032 2622 Achmar
1052 2597 1166 2631 prope
1191 2587 1367 2622 Kahiram
1397 2587 1577 2626 (Gramen
1605 2587 1774 2624 Aschers.
1798 2587 1910 2631 5901),

352 2637 515 2681 AEgypto
536 2636 723 2679 superiore
744 2645 858 2679 prope
878 2634 1000 2669 Esneh
1024 2634 1209 2678 (Aschers.
1230 2635 1343 2677 591!)‚
1363 2635 1399 2668 in
1426 2634 1570 2669 deserto
1598 2635 1692 2669 inter
1718 2634 1844 2670 Keneh
1876 2640 1911 2669 et

354 2683 502 2718 Kosseir
534 2682 739 2725 (Schweinf.
769 2682 907 2724 22061).
939 2681 1074 2716 Arabis
1100 2681 1280 2716 Ababdeh
1307 2681 1485 2716 Kuschait
1509 2681 1623 2716 audit.

399 2748 486 2782 Var.
508 2746 537 2786 β.
554 2747 639 2781 laxa
659 2757 801 2790 quoque
818 2747 854 2780 in
874 2746 1017 2781 deserto
1035 2747 1129 2781 inter
1149 2746 1276 2781 Keneh
1296 2750 1332 2781 et
1354 2746 1502 2781 Kosseir
1522 2745 1726 2791 (Schweinf.
1746 2747 1883 2787 22031).

318 2912 327 2928 ‚
358 2879 412 2919 Γ.
435 2878 831 2928 myriacantha‚
854 2876 963 2918 adde
984 2889 992 2917 :

399 2964 493 3000 Hab.
530 2965 566 2999 in
605 2963 748 3000 deserto
787 2963 945 2998 Arabico
984 2963 1136 3008 AEgypti
1169 2963 1296 2998 mediae
1329 2962 1376 2998 ad
1415 2963 1533 2998 Ouadi
1572 2963 1638 2998 Om
1676 2963 1909 2998 Dhamarana

355 3010 559 3048 (Schweinf.
580 3012 641 3044 37!
659 3011 773 3044 mixta
793 3021 870 3044 cum
899 3011 937 3043 Ii'.
952 3010 1159 3055 qlutinosci).
