2115 3250
234 191 441 226 Globularia
450 219 458 226 .
927 203 1197 226 (ςιοιιυιᾼκιεῆῡ.
1831 194 1898 229 359

539 426 746 466 θΒΒθ
791 427 974 466 xcll.
1025 427 1589 467 GLOBIJLARIEAE

224 552 292 584 Pag.

228 607 319 651 530,
353 604 660 644 Globularia
680 604 928 652 Arabica,
950 603 1058 644 adde
1080 617 1088 644 :

390 690 482 725 Hab.
503 690 549 725 ad
570 690 687 725 Ouadi
708 690 823 734 Rigbe
840 690 973 725 deserti
994 691 1141 725 Arabici
1162 691 1312 735 AEgypti
1329 691 1456 726 mediae
1475 692 1721 734 (Schweins.!).

535 930 742 970 ORDO
793 930 1011 969 xclll.
1063 930 1588 970 VERBENAGEAE

224 1124 314 1169 532,
348 1121 536 1172 Lippia
565 1122 846 1170 nodiflora,
871 1121 979 1162 adde
1001 1135 1009 1162 ε

386 1211 481 1245 Hab.
502 1210 549 1245 ad
569 1221 683 1254 aquas
700 1211 906 1255 Affghaniae
926 1212 1019 1245 inter
1037 1211 1130 1245 Thal
1146 1217 1181 1245 et
1200 1212 1336 1245 Kuram
1360 1212 1494 1254 (Aitch.
1516 1214 1610 1254 508),
1627 1212 1662 1245 in
1683 1211 1768 1246 Oasi
1784 1214 1899 1255 parva

339 1258 493 1303 AEgypti
515 1258 742 1301 (Aschers.!).

221 1391 312 1437 536,
347 1388 747 1428 Clerodendron
777 1389 1157 1436 Acer-bianum,
1186 1389 1295 1429 adde
1321 1400 1441 1440 sym:
1472 1388 1778 1431 Cornacclzinia
1796 1387 1898 1441 fra-

321 1438 523 1545 (ὤίῧῖἷηξε
551 1440 647 1482 Savi
674 1441 715 1481 in
748 1441 874 1482 Mem.
911 1440 977 1482 Se.
1011 1441 1107 1482 Ital.
1139 1441 1308 1482 Moden.
1344 1445 1442 1483 1837
1478 1448 1545 1493 (ex
1578 1442 1628 1482 el.
1663 1442 1897 1483 Aseherson

612 1748 820 1788 ORDO
869 1749 1070 1789 XCIV.
1121 1743 1507 1790 LABIATAE¹

217 1943 308 1989 554,
339 1941 581 1991 Thymus
603 1954 612 1981 :
637 1941 688 1982 de
715 1943 932 1994 speciebus
953 1948 996 1984 et
1026 1943 1170 1984 formis
1202 1944 1325 1996 hujus
1355 1946 1520 1996 generis
1550 1947 1782 1998 complures
1816 1948 1895 1989 dis-

322 1994 573 2034 sertationes
602 1995 795 2046 prodiere
832 2008 950 2047 quas,
988 1996 1125 2048 quoad
1158 1998 1325 2048 plantas
1358 1997 1594 2039 Orientales
1629 2000 1797 2048 attinet,
1831 2000 1898 2042 hie

322 2046 505 2087 breviter
520 2046 676 2088 referre
697 2047 822 2089 liceat
842 2052 1033 2098 (auctore
1054 2050 1104 2090 R.
1127 2049 1278 2101 Buser)
1302 2063 1310 2090 :

379 2102 417 2140 1⁰
445 2099 629 2150 Kerner,
653 2099 824 2142 Schedae
846 2101 898 2142 ad
919 2101 981 2142 Fl.
1004 2103 1153 2143 exsice.
1176 2103 1494 2155 Austro-Hung.
1518 2103 1550 2152 I,

377 2155 417 2193 2⁰
449 2151 720 2205 Celakovslcpy,
742 2154 982 2206 Diagnosen
1003 2155 1162 2207 einiger
1182 2168 1313 2196 neuen
1343 2156 1679 2207 Thymus-Arten
1707 2159 1748 2198 in
1774 2158 1897 2200 Flora

434 2208 548 2253 1882,
572 2217 638 2246 no.
665 2209 729 2255 36,

378 2261 417 2298 3⁰
445 2257 533 2308 Id„
554 2258 698 2300 Ueber
728 2259 864 2311 einige
889 2260 1037 2309 Arten‚
1065 2273 1131 2302 res
1167 2293 1176 2301 .
1205 2261 1363 2302 Rassen
1395 2262 1435 2302 d.
1469 2262 1661 2314 Gattung
1692 2263 1893 2316 Thymus,

427 2310 529 2351 ibid.
555 2314 669 2360 1883,
693 2323 760 2352 no.
783 2315 822 2361 8,
849 2316 910 2361 10,
936 2317 998 2361 11,
1021 2337 1072 2341 ——
1092 2274 1186 2354 vige
1205 2314 1450 2355 relationem
1479 2316 1519 2355 in
1540 2315 1636 2356 Bot.
1660 2316 1893 2358 Centralbl.

430 2363 544 2412 XIV,
571 2367 686 2412 1883,
741 2397 749 2405 .
775 2368 850 2406 366
870 2366 1061 2417 (auctore
1082 2367 1132 2407 cl.
1156 2367 1250 2418 Fre,
1275 2370 1337 2416 n),

377 2420 417 2456 4⁰
446 2416 534 2467 Id„
549 2416 666 2458 Neue
681 2377 830 2470 'Ibemi
847 2430 921 2459 aus
937 2418 1121 2460 Sintenis
1135 2419 1222 2460 Iter
1273 2420 1479 2472 rojanum,
1493 2421 1594 2462 ibid.
1615 2425 1729 2471 1884,
1744 2434 1810 2462 no.
1829 2425 1894 2463 29.

217 2554 308 2599 555,
323 2552 430 2644 tTht.
458 2553 784 2603 serpyllum,
807 2571 839 2595 ε.
861 2554 1106 2597 ΟΙιαιώανάέ
1126 2567 1175 2596 ex
1196 2556 1246 2597 cl.
1269 2544 1534 2610 C'elakovsky'
1558 2560 1716 2611 species
1745 2562 1768 2600 2
1798 2571 1892 2600 eon-

343 2616 410 2645 me
451 2617 460 2645 :

374 2692 465 2731 Th.
491 2693 800 2733 Chauhardi
825 2693 959 2735 Boiss.
982 2699 1025 2736 et
1046 2695 1210 2745 Heldr.,
1234 2709 1256 2737 e
1274 2702 1418 2738 monte
1440 2697 1647 2739 Parnasso
1669 2699 1832 2751 (Guimae.
1847 2701 1890 2751 5),

433 2743 510 2784 Th.
537 2744 804 2799 Cleamoedryi
822 2746 891 2788 Fr.
916 2748 1037 2788 nimis
1058 2748 1205 2798 affinis,
1228 2762 1250 2790 e
1273 2749 1618 2803 Camptodromis,
1642 2757 1684 2792 et.

270 2891 278 2910 ¹
307 2892 404 2927 Ordo
425 2903 447 2927 a
471 2893 504 2927 b.
532 2894 690 2929 Boissier
721 2895 970 2930 inelaboratus
996 2898 1062 2931 nisi
1089 2898 1124 2931 in
1156 2898 1337 2933 schedulis
1364 2900 1504 2942 aderat,
1531 2911 1620 2943 quas
1650 2900 1891 2944 amplificatas

216 2938 276 2974 hic
295 2939 539 2984 reproducere
560 2941 648 2975 utile
668 2941 870 2976 videbatur.
