2115 3250
189 235 410 270 Parlatoria.
915 246 1135 271 «mecinense.
1820 237 1863 274 47

189 317 280 416 2111,
313 368 620 408 Parlatoria
642 368 955 416 cakiloi‘dea,
977 368 1086 409 adde
1109 381 1116 409 :

352 455 444 488 Hab.
464 455 500 489 in
518 455 697 498 quercetis
722 456 894 489 montium
914 457 1108 499 Avroman,
1126 456 1272 491 Schahu
1294 462 1329 490 et
1344 457 1404 491 Pir
1423 457 1533 491 Omar
1549 456 1701 491 Gudrun
1715 457 1865 492 Kurdis-

303 502 412 536 taniae
432 502 587 536 Persicae
609 504 751 536 5—6000‘
769 502 986 545 (Haussk.!).

188 625 278 670 245,
311 622 687 662 Sobolewskia
707 622 993 672 lithophila
1016 635 1024 661 :

352 708 404 744 Cl.
431 709 620 752 Ruprecht
639 709 696 743 Fl.
717 709 824 744 Cauc.
847 719 930 753 pag.
955 710 1011 753 95,
1038 709 1200 752 plantam
1222 720 1265 744 ex
1296 711 1457 745 Caucaso
1477 721 1499 745 a
1519 711 1675 745 Taurica
1701 712 1766 745 sub
1788 722 1862 746 var.

300 755 330 797 β.
355 754 549 790 Οαιισαείεὰ
568 756 756 800 distinguit
774 756 818 790 ob
840 756 990 799 siliquas
1007 756 1117 800 paulo
1146 756 1330 792 breviores
1358 760 1378 792 3
1406 768 1472 792 nec
1499 760 1559 792 4-5
1593 758 1708 793 lineas
1738 759 1865 803 longas

302 803 433 845 saepius
460 813 730 845 monospermas
762 803 938 837 elevatius
970 803 1353 847 reticulato—venosas3
1383 810 1554 839 caeterum
1580 804 1677 839 foliis
1704 810 1739 840 et
1773 805 1865 840 facie

302 849 435 884 Similes
464 854 558 884 sunt.
586 850 773 893 Frequens
800 856 854 884 est
878 850 915 884 in
944 850 1173 893 rupestribus
1202 856 1237 885 et
1267 851 1313 885 ad
1341 852 1440 895 ripas
1467 853 1683 886 torrentium
1714 854 1865 888 Caucasi

302 896 475 931 centralis
496 902 531 931 et
552 897 740 931 orientalis
761 897 854 931 inter
874 899 977 931 3500'
995 902 1031 931 et
1049 899 1162 931 7000«

185 1021 276 1066 247,
310 1017 625 1058 cochlearia
646 1018 900 1067 Aucheri,
922 1017 1031 1059 adde
1054 1031 1061 1058 :

339 1103 376 1155 β.
407 1101 560 1143 minor.
585 1125 637 1131 —
663 1101 814 1143 Caules
844 1103 1150 1155 3-4-pollicares
1170 1103 1278 1144 foliis
1310 1105 1483 1145 minutis
1510 1105 1717 1154 angustis,
1748 1107 1865 1157 pani-

287 1155 380 1195 cula
400 1155 645 1206 corymbosa
663 1155 800 1196 minor
818 1159 861 1196 et
880 1156 923 1196 in
943 1159 1012 1196 3-4
1030 1168 1168 1197 ramos
1189 1156 1337 1198 breves
1358 1160 1527 1198 tantum
1547 1157 1693 1198 divisa.

298 1224 501 1315 9Ogloalifflirll
516 1225 690 1296 l'apidosis
706 1225 898 1260 mobilibus
918 1227 1074 1270 regionis
1091 1227 1224 1271 alpinae
1242 1228 1348 1261 Ponti
1365 1228 1487 1262 Lazici
1507 1238 1620 1272 supra
1640 1228 1864 1263 Khabackar

391 1275 400 1288 '
466 1282 487 1306 a
507 1299 513 1305 .
529 1278 563 1314 .).

183 1396 273 1441 248,
307 1394 360 1433 C.
385 1394 782 1445 glaucophylla‚
804 1393 914 1435 adde
935 1407 942 1437 ;

300 1479 506 1570 (ΗΗαῦὶζαῧ
525 1490 634 1524 rupes
661 1480 846 1515 calcareas
871 1481 1043 1515 montium
1065 1481 1209 1516 ditionis
1235 1482 1440 1517 Bachtiaris
1462 1483 1597 1517 Persiae
1626 1483 1862 1518 occidentalis

349 1537 432 1561 auss
463 1553 492 1560 ..
513 1553 519 1560 .

186 1650 277 1695 253,
310 1646 592 1687 Auhrietia
612 1647 924 1697 parviflora,
946 1647 1055 1689 adde
1074 1661 1082 1688 :

344 1732 438 1767 Hab.
471 1733 508 1767 in
539 1733 690 1777 rupibus
720 1733 896 1769 calcareis
927 1735 1059 1769 montis
1094 1735 1241 1779 Sindjar
1273 1737 1546 1780 Mesopotamiae
1577 1736 1793 1782 (Haussk.!),
1826 1739 1861 1772 in

296 1779 434 1815 fissuris
471 1780 647 1815 calcareis
679 1781 853 1815 montium
891 1782 1032 1816 Sawers
1070 1787 1106 1816 et
1138 1782 1222 1817 Kuh
1257 1783 1423 1818 Eschker
1458 1784 1592 1819 Persiae
1625 1784 1862 1819 occidentalis

299 1829 484 1861 10·13000'
503 1826 729 1871 (Haussk.!);
750 1828 947 1871 specimina
967 1828 1161 1864 fructifera
1185 1835 1339 1874 tantum,
1361 1831 1425 1866 sed
1446 1841 1526 1875 quae
1556 1842 1601 1866 ex
1631 1832 1711 1866 loco
1740 1833 1861 1876 potius

297 1874 369 1908 huc
389 1884 496 1918 quam
519 1873 565 1909 ad
584 1874 631 1908 A.
650 1875 826 1920 Kotschyi
843 1875 1012 1909 referam.

179 1998 270 2043 254,
303 1995 512 2036 Ricotia
533 1996 786 2043 Lunaria‚
809 1994 918 2036 adde
941 2008 948 2035 :

341 2084 435 2118 Hab.
452 2084 489 2118 in
506 2084 645 2119 Libano
662 2084 710 2119 ad
730 2084 843 2119 Gadir
864 2085 1019 2130 (Peyron
1030 2087 1064 2130 ἓ).

175 2207 266 2252 255,
295 2205 353 2244 R.
391 2205 670 2246 tenuifolia
709 2217 834 2257 quam
871 2217 921 2247 ex
955 2206 1079 2247 Icone
1112 2206 1246 2248 Florae
1280 2207 1438 2249 Graecae
1474 2213 1642 2249 tantum
1678 2209 1773 2250 novi
1809 2221 1859 2250 ex

281 2258 436 2308 magna
458 2256 663 2298 affinitate
688 2269 783 2298 cum
802 2258 998 2300 Peltarid
1022 2259 1199 2301 isatoide
1218 2259 1328 2301 infra
1354 2260 1566 2313 descripta
1585 2262 1638 2302 ad
1655 2261 1860 2303 Peltariae

284 2321 414 2361 genus
434 2309 485 2351 ob
506 2310 711 2351 siliculam
731 2310 1061 2353 indehiscentem
1080 2324 1415 2365 monospermam
1436 2314 1673 2355 revocanda
1698 2319 1763 2356 est
1782 2315 1859 2356 sub

283 2363 540 2402 Peltariae
562 2364 1003 2405 Caramaniensis
1025 2364 1162 2406 Sibth.
1185 2366 1366 2407 nomine.

178 2491 268 2537 256,
299 2493 395 2541 post
416 2490 474 2530 R.
498 2490 776 2531 sinuatam
794 2491 933 2532 insere
955 2504 962 2531 :

336 2576 392 2615 R.
431 2577 802 2618 Pestalotiana
835 2577 992 2627 (Cesati
1033 2578 1128 2619 Bot.
1164 2579 1269 2620 Zeit.
1309 2582 1424 2628 1856,
1460 2592 1501 2632 p.
1540 2583 1631 2630 532,
1663 2581 1750 2622 tab.
1781 2581 1858 2632 IX)

283 2628 402 2669 caule
434 2628 580 2669 humili
612 2633 843 2671 retrorsum
874 2630 1031 2671 hirtulo
1066 2636 1220 2680 erecto,
1255 2631 1362 2673 foliis
1395 2633 1437 2673 in
1469 2638 1689 2685 segmenta
1724 2646 1859 2686 pauca

283 2681 661 2733 cuneato-oblonga
689 2682 834 2723 lobata
864 2684 1167 2735 pinnatisectis,
1208 2685 1360 2736 petalis
1393 2686 1587 2727 violaceis
1620 2686 1857 2727 obcordatis

281 2733 346 2773 vel
364 2735 532 2782 retusis,
550 2735 709 2787 siliquis
729 2734 931 2787 pedicello
951 2748 1126 2777 recurvo
1146 2738 1337 2789 sextuplo
1358 2738 1614 2790 longioribus
1634 2739 1860 2781 latitudine

282 2786 359 2826 sua
379 2786 534 2838 6-8-plo
554 2787 810 2838 longioribus
830 2789 1021 2841 margine
1040 2789 1298 2831 subsinuatis
1318 2792 1516 2843 utrinque
1542 2791 1722 2844 abrupte
1742 2793 1858 2844 apice

281 2838 324 2878 in
349 2838 504 2890 stylum
531 2839 773 2881 subulatum
801 2842 1048 2891 attenuatis,
1085 2843 1288 2884 seminum
1322 2843 1390 2884 ala
1421 2845 1604 2895 angusta
1634 2845 1761 2897 plana
1791 2848 1855 2893 (ο).

284 2889 508 2932 Notarisia
528 2892 768 2946 secufre'ffyera
788 2893 944 2934 Pestal.
962 2906 1061 2935 mss.

342 2961 435 2996 Hab.
452 2963 487 2996 in
508 2963 627 2997 insula
647 2964 802 3008 Megista
822 2966 1004 2999 Anatoliae
1025 2966 1070 3000 ad
1091 2977 1201 3010 rupes
1218 2967 1472 3010 (Pestalozza).
1494 2967 1591 3011 (Non
1610 2968 1708 3011 vidi.)

342 3026 396 3060 Ex
424 3025 667 3070 descriptione
693 3034 728 3062 et
756 3029 858 3064 icone
884 3040 1110 3074 summopere
1139 3030 1260 3065 affinis
1283 3031 1330 3066 R.
1356 3032 1509 3067 sinuatae
1535 3039 1570 3067 et
1598 3032 1721 3067 forsan
1749 3033 1857 3076 hujus
