2094 3351
236 240 285 275 74
967 254 1198 281 pomonam.
1741 247 1921 294 Polyqala.

652 446 862 486 ORDO
901 447 1008 486 XI.
1051 447 1525 488 POLYGAIAEAE

257 534 329 568 rag.

236 604 332 650 469,
366 602 629 655 Polyqala
651 604 1034 656 MonspeHaca,
1057 606 1165 647 adde
1187 619 1196 647 :

404 691 498 726 Hab.
519 693 552 726 in
575 693 762 737 uliginosis
782 695 888 729 salsis
914 695 1188 739 Mesopotamiae
1215 696 1310 730 inter
1329 695 1433 730 Erbil
1451 702 1487 731 et
1505 696 1656 731 Kerkuk
1676 701 1711 731 et
1729 698 1765 731 in
1786 697 1924 733 ditione

355 739 505 783 Sindjar
523 740 695 783 (Haussk.
709 742 745 784 1).

234 872 331 918 470,
362 870 475 911 inter
493 872 772 913 Perennes
793 877 893 914 ante
913 875 974 914 P.
1000 874 1291 915 Sibiricam
1311 875 1448 916 insere
1469 887 1478 915 ε

378 958 460 1017 -P.
481 959 716 1000 Arabica
744 959 897 1008 (Boiss.
928 961 1082 1013 Diagn.
1115 960 1204 1002 Ser.
1234 961 1269 1010 Ι,
1296 961 1331 1009 Ι,
1358 973 1401 1013 p.
1429 961 1472 1013 9)
1498 961 1693 1013 perennis
1725 961 1925 1014 adpresse

344 1010 472 1059 hirta,
497 1011 639 1053 radice
659 1013 863 1062 verticali,
886 1014 1013 1055 ramis
1035 1026 1057 1055 e
1072 1014 1176 1055 collo
1196 1014 1386 1067 pluribus
1412 1013 1804 1056 suffrutescentibus
1831 1026 1927 1067 pro-

342 1064 641 1106 cumbentibus
679 1065 841 1107 inferne
877 1066 1033 1108 foliosis
1072 1071 1115 1108 et
1147 1066 1287 1108 divisis
1323 1067 1364 1108 in
1403 1078 1590 1108 racemos
1626 1067 1772 1118 longos
1808 1067 1924 1109 laxos

344 1116 534 1176 aphyllos
553 1118 822 1167 abeuntibus,
845 1118 953 1160 foliis
973 1120 1112 1172 parvis
1132 1124 1274 1160 ovato-
1293 1124 1336 1160 et
1356 1119 1744 1171 oblongo-cuneatis
1763 1120 1926 1161 obtusis

343 1170 527 1222 phcatis,
572 1170 755 1212 bracteis
799 1172 933 1213 ovatis
980 1173 1172 1213 scariosis
1217 1172 1426 1220 deciduis,
1473 1172 1684 1224 pedicellis
1727 1172 1926 1214 brevibus

345 1222 531 1272 deflexis,
556 1224 632 1265 alis
653 1225 1041 1266 ovato-orbiculatis
1070 1225 1443 1277 nigro-reticulatis
1464 1225 1660 1266 corollam
1688 1226 1926 1277 superanti-

342 1276 438 1324 bus,
458 1277 639 1328 capsulae
657 1277 815 1329 glabrae
832 1278 987 1319 sessilis
1007 1282 1160 1319 retusae
1182 1283 1361 1329 anguste
1380 1279 1629 1329 marginatae
1646 1277 1722 1319 alis
1742 1279 1928 1331 inaequa-

341 1329 467 1423 ffimg
491 1330 720 1423 εἳιῃίῃίὴὲιε
741 1329 1030 1372 hirsutissimis
1049 1334 1086 1378 91
1098 1363 1107 1371 .
1124 1330 1177 1372 P.
1198 1330 1458 1385 irreyularis
1477 1343 1566 1371 var.
1582 1330 1768 1372 Arabica
1785 1330 1921 1372 B01ss.

395 1414 405 1422 .
468 1395 503 1422 r.
542 1394 604 1423 oc.
628 1394 662 1423 ci
690 1415 699 1424 .

353 1499 378 1532 l.
402 1452 498 1533 Htag.
530 1453 566 1486 in
602 1453 726 1488 littore
762 1453 922 1488 Arabico
951 1453 1083 1488 Nubiae
1113 1455 1149 1488 in
1180 1459 1302 1488 monte
1332 1453 1498 1488 Boturba
1525 1459 1561 1488 et
1582 1453 1687 1498 prob.
1713 1454 1750 1488 in
1770 1454 1927 1499 AEgypti

369 1510 428 1533 lml
448 1511 458 1533 1
488 1510 539 1534 [IS.

403 1564 460 1598 Ex
496 1564 752 1608 speciminibus
787 1565 1095 1600 numerosioribus
1125 1576 1242 1609 nuper
1276 1565 1436 1609 acceptis
1466 1564 1590 1599 radice
1619 1565 1782 1608 perenni,
1813 1565 1930 1599 ramis.

357 1613 564 1655 prostratis,
586 1612 683 1647 foliis
702 1613 857 1647 minimis
875 1612 1002 1647 formae
1023 1612 1176 1647 diversae
1197 1623 1218 1646 a
1236 1612 1278 1646 P.
1297 1613 1488 1657 irreyulari
1506 1611 1673 1655 specifice
1693 1612 1876 1646 distincta..

402 1657 472 1692 Ar.
494 1657 638 1701 Geogr.
665 1659 806 1694 Arabia
827 1670 944 1704 prope
966 1659 1114 1704 Djedda
1141 1659 1312 1705 (Schimp.
1331 1661 1397 1694 861
1423 1659 1489 1694 sub
1516 1659 1557 1693 P.
1577 1659 1699 1694 roseti!
1728 1658 1874 1694 Zohrab
1887 1658 1930 1702 1)-

402 1799 462 1839 P.
486 1799 813 1850 Abyssinica
840 1799 1030 1846 OEresen.
1056 1800 1098 1840 in
1123 1799 1234 1841 Mus.
1268 1798 1479 1840 Senkenb.
1512 1798 1568 1848 Π,
1602 1798 1698 1844 273)
1730 1798 1932 1851 perennis.

344 1851 495 1902 glabra
516 1864 540 1892 a
566 1852 657 1893 basi
685 1853 899 1894 interdum
928 1852 1252 1894 suffrutescente
1276 1851 1544 1901 multicaulis‚
1567 1851 1755 1892 caulibus
1775 1852 1926 1892 erectis

343 1904 409 1945 vel
432 1905 759 1947 ascendentibus
779 1905 993 1947 interdum
1012 1917 1138 1958 parce
1157 1906 1332 1946 ramosis
1351 1904 1557 1957 rigidulis‚
1574 1903 1681 1946 foliis
1696 1903 1931 1945 linearibus.

342 1958 408 1999 vel
448 1958 808 2011 lineari-oblongis
841 1958 1348 2007 attenuato-acuminatiS,
1381 1969 1548 1999 racemo
1585 1957 1796 1999 terminali
1830 1957 1926 1997 laxo

342 2011 544 2060 secundo,
564 2012 749 2053 bracteis
768 2012 952 2053 minimis
973 2012 1106 2052 acutis
1136 2010 1337 2059 deciduis,
1359 2010 1571 2063 pedicellis
1599 2010 1739 2063 calyce
1763 2009 1930 2051 brevio-

342 2064 460 2105 ribus
481 2065 747 2113 nutantibus‚
771 2065 847 2106 alis
867 2065 1057 2106 obovatis
1085 2064 1176 2105 basi
1209 2064 1442 2105 attenuatis
1471 2063 1607 2104 nervis
1635 2063 1769 2104 tribus
1792 2062 1925 2103 roseis

343 2117 581 2166 ramulosis‚
606 2118 778 2171 capsula
800 2118 981 2159 obovata
999 2119 1144 2158 retusa
1169 2121 1350 2169 anguste
1375 2117 1490 2158 alata
1507 2116 1673 2169 aequali,
1695 2114 1929 2157 seminibus

347 2170 476 2211 dense
497 2174 540 2211 et
560 2171 684 2223 longe
703 2171 858 2212 lanatis
885 2174 942 2218 91.
965 2170 1018 2212 P.
1045 2170 1320 2211 Germ-diana
1338 2168 1463 2210 Wall.

399 2240 494 2274 Hab.
515 2241 551 2275 in
567 2241 726 2276 humidis
745 2241 853 2276 vallis
872 2241 1011 2276 Kuram
1029 2240 1236 2285 Affghaniae
1256 2240 1393 2279 (Aitch.
1411 2225 1480 2274 2433
1497 2245 1534 2274 et
1549 2241 1618 2274 403
1629 2240 1662 2283 !).

399 2305 607 2348 Specimina
626 2305 752 2340 Indica
772 2305 996 2350 Abyssinicis
1015 2305 1130 2349 magis
1150 2304 1298 2348 pumila.

399 2368 470 2403 Ar.
493 2368 638 2413 Geogr.
659 2371 774 2415 Regio
792 2370 997 2405 Himalaica
1016 2374 1234 2414 temperata,
1254 2368 1460 2415 Abyssinia.

231 2510 327 2557 470,
361 2508 421 2548 P.
447 2508 698 2557 Sibirica,
722 2507 831 2549 adde
852 2521 862 2549 ε

402 2594 498 2629 Hab.
516 2595 552 2629 in
573 2596 725 2630 Caucasi
746 2595 935 2630 orientalis
954 2594 1206 2639 Daghestania
1226 2595 1367 2627 3-4000'
1389 2592 1518 2636 (Rupr.
1533 2591 1568 2636 1).

229 2735 326 2781 471,
358 2732 419 2773 Ρ.
441 2732 640 2783 supina
662 2745 672 2773 ε

403 2821 457 2856 Cl.
476 2808 706 2867 Celakovslq'r
737 2822 846 2859 (OEst.
871 2821 952 2855 Bot.
982 2821 1073 2855 Zeit.
1102 2822 1203 2864 1872,
1229 2831 1264 2864 p.
1294 2819 1374 2859 109)
1396 2819 1441 2853 ab
1469 2819 1539 2853 hac
1565 2818 1686 2862 specie
1710 2817 1874 2861 plantam
1901 2827 1927 2851 a

355 2869 569 2914 Barreyssio
588 2880 606 2904 e
626 2869 764 2904 Tauria
784 2869 938 2903 allatam
962 2868 1122 2911 sejungit
1146 2873 1181 2902 et
1206 2874 1246 2901 ut
1273 2867 1429 2910 speciem
1455 2866 1641 2910 propriam
1668 2865 1710 2899 P.
1736 2868 1926 2899 recurvata

355 2917 431 2953 Cel.
461 2917 645 2951 describit.
677 2917 881 2960 Specimina
912 2915 1173 2959 Parreyssiana
1203 2924 1273 2947 non
1308 2913 1391 2956 vidi,
1423 2913 1714 2947 numerosissima
1749 2918 1870 2946 autem
1903 2921 1927 2945 e

355 2965 495 2999 Tauria
515 2970 552 2998 et
571 2965 652 2998 aliis
673 2964 761 2998 locis
790 2963 928 2997 contuli
956 2968 1135 3005 notasque
1161 2961 1423 2996 differentiales
1448 2971 1469 2994 a
1496 2960 1541 2994 cl.
1570 2965 1719 2994 auctore
1743 2958 1927 2993 indicatas

357 3012 557 3047 variabiles
578 3022 656 3046 esse
683 3017 844 3046 autumo.
862 3010 1010 3045 Racemi
1033 3010 1068 3043 in
1092 3009 1133 3043 P.
1154 3008 1341 3043 recurvata
1365 3007 1575 3042 terminales
1596 3006 1776 3050 dicuntur,
1803 3005 1866 3040 sed
1886 3006 1927 3040 iu
