2115 3250
184 220 390 255 Malabaila.
886 230 1158 253 1111111111101111133.
1787 217 1851 252 271

183 301 252 331 Pae.

188 355 302 395 1053,
332 351 619 391 Malabaila
657 361 840 398 aurea,
879 349 986 390 adde
1022 363 1029 390 :
1066 350 1245 391 Fructus
1279 350 1459 402 analysis
1494 351 1535 390 in
1573 350 1694 391 Linn.
1738 353 1853 399 1837,

290 404 375 444 tab.
398 403 492 452 VII,
515 402 585 455 fig.
605 406 698 444 7-10
719 415 743 442 a
764 402 814 442 cl.
838 401 993 443 Cesati.

187 557 300 595 1054.
333 554 401 593 Μ.
425 553 743 603 lasiocarpa,
767 552 875 593 adde
895 565 902 592 :

324 640 438 720 bHab.
456 650 570 683 prope
588 640 667 674 Van
686 640 868 673 Armeniae
889 639 1096 684 (Deyrolles
1120 649 1140 673 a
1159 640 1202 674 cl.
1225 640 1357 674 Cosson
1385 640 1555 683 comm.!).
1584 639 1702 674 Radix
1730 638 1856 674 inflata

301 698 318 718 (ι
349 697 483 721 conica.

188 832 300 876 1058,
333 829 401 869 Μ.
425 829 645 879 pumila,
668 832 786 869 muta
806 840 957 869 nomen
977 827 1217 880 specificum
1237 829 1279 869 in
1300 829 1512 880 antiquius
1541 829 1855 880 Tordylium

288 882 610 921 suaveolens
631 881 723 922 Del.
746 881 828 928 Ill.,
853 884 943 922 333.
961 905 1013 909 —
1031 883 1100 922 M.
1121 883 1445 922 suaveolens
1463 881 1619 922 Cosson
1641 880 1733 922 Soc.
1757 881 1852 922 Bot.

288 934 356 974 Fr.
380 934 493 982 XIX,
516 946 557 986 p.
580 937 644 975 82.
667 957 719 962 -—
740 933 964 975 Leiotulus
984 933 1310 975 Alexandrinus
1330 933 1517 975 Ehrenb.

185 1091 298 1135 1059,
334 1087 632 1138 Opopanax
653 1086 944 1135 Orientale,
967 1086 1076 1127 adde
1099 1100 1106 1127 :

345 1173 412 1207 Ar.
432 1173 574 1216 Googr.
595 1174 702 1208 Italia
727 1175 899 1209 australis
923 1175 959 1208 in
979 1179 1100 1209 monte
1131 1174 1300 1219 Gargano
1328 1175 1474 1219 Apuliae
1503 1175 1628 1218 (Porta
1654 1180 1688 1209 et
1718 1175 1854 1219 RigoH.

299 1222 454 1255 Fructus
487 1222 537 1255 eis
566 1221 702 1264 plantae
735 1221 932 1256 Orientalis
962 1222 1119 1256 minores
1145 1228 1239 1266 sunt,
1265 1222 1328 1257 sed
1356 1233 1428 1256 non
1455 1222 1564 1266 plane
1584 1223 1728 1265 maturi,
1749 1224 1854 1257 vitta-

300 1280 377 1303 rum
399 1268 586 1312 dispositio
607 1267 743 1303 eadem.

184 1425 298 1468 1059,
329 1424 424 1473 post
444 1421 500 1461 0.
524 1421 797 1462 Orientale
818 1421 954 1462 insere
976 1434 984 1462 z

342 1508 399 1548 Ο.
439 1509 728 1558 Syriacum
759 1508 910 1560 (Boiss.
946 1509 1098 1561 Diagn.
1123 1508 1212 1550 Ser.
1236 1509 1270 1558 I,
1296 1512 1357 1558 10,
1380 1522 1421 1561 p.
1446 1513 1496 1551 50
1528 1512 1570 1550 et
1590 1509 1652 1550 Fl.
1689 1509 1760 1551 Or.
1795 1510 1851 1558 ΙΙ,

287 1574 327 1612 p.
358 1563 449 1610 928,
472 1561 547 1602 sub
578 1561 916 1614 Smyrm'opside)
936 1566 1092 1614 praeter
1110 1562 1286 1614 papillas
1311 1562 1437 1603 duras
1466 1563 1629 1604 conicas
1651 1562 1704 1603 ad
1724 1564 1854 1614 petio-

287 1614 347 1654 los
383 1617 425 1654 et
458 1626 605 1654 nervos
644 1626 810 1666 sparsas
849 1615 1057 1666 glabrum,
1099 1616 1217 1656 caule
1264 1615 1375 1656 elato
1414 1616 1537 1656 tereti
1572 1616 1856 1656 verticillatim

288 1678 450 1707 ramoso
483 1666 737 1718 thyrsoideo,
767 1665 873 1707 foliis
906 1667 1157 1709 radicalibus
1188 1668 1349 1709 ambitu
1382 1669 1855 1721 ovato-triangularibus

288 1719 549 1771 amplissimis
585 1719 931 1771 tripinnatisectis
970 1721 1179 1772 petiolulis
1217 1721 1422 1761 elonoatis
1460 1722 1688 1773 segmentis
1723 1722 1854 1762 ovatis

287 1772 474 1812 cuneatis
505 1772 717 1813 sessilibus
743 1772 876 1813 latere
904 1776 1076 1813 externo
1095 1773 1281 1814 breviter
1313 1751 1646 1823 {ecum-entibus,
1682 1774 1855 1815 caulinis

286 1824 625 1865 subverticillatis
663 1825 875 1866 sessilibus
913 1826 1034 1866 valde
1072 1826 1287 1866 diminutis
1325 1827 1552 1879 tripartitis
1591 1831 1633 1867 et
1669 1827 1856 1868 indivisis

286 1877 687 1929 cuneato-oblongis,
703 1878 895 1919 umbellis
915 1878 1100 1919 breviter
1118 1879 1445 1927 lais-radiati&
1467 1880 1668 1920 involucri
1685 1887 1727 1920 et
1744 1881 1857 1921 invo-

286 1930 422 1970 lucelli
442 1929 592 1981 phyllis
614 1934 680 1971 3-5
700 1930 895 1971 brevibus
916 1931 1340 1980 lineari-lanceolatis,
1358 1932 1518 1973 fructus
1533 1933 1704 1984 elliptici
1720 1933 1856 1985 glabri

285 1983 474 2034 margine
494 1982 588 2023 albo
608 1982 753 2024 inflato
782 1983 994 2024 valleculis
1023 1985 1234 2036 aequilato,
1256 1985 1372 2025 vittis
1399 1986 1441 2025 in
1469 1985 1682 2026 valleculis
1715 1986 1855 2026 solita-

286 2035 404 2128 tBariis
438 2035 480 2127 ln
514 2036 785 2077 commissura
822 2037 1019 2088 pruinosa
1056 2038 1207 2078 7-8-1113
1245 2041 1303 2084 Q.
1346 2038 1636 2091 Smyrne'opsz's
1674 2038 1854 2091 Syriaca

324 2099 419 2128 0133.
459 2098 520 2128 00.
544 2089 614 2129 cit.

345 2164 438 2198 Hab.
457 2165 492 2198 in
510 2165 721 2199 Antilibano
739 2166 832 2200 inter
854 2166 1017 2201 Zebdani
1039 2172 1073 2201 et
1093 2167 1228 2202 Zachle
1251 2167 1423 2211 (Boiss.!),
1444 2168 1479 2201 in
1505 2167 1645 2202 Libano
1666 2168 1712 2202 ad
1735 2168 1856 2204 Hadet

299 2216 334 2246 et
353 2212 388 2245 in
406 2212 497 2246 silva
516 2212 618 2246 Ε11011
635 2213 703 2255 (ΒΙ.
725 2223 799 2247 exs.
820 2214 908 2253 741).

344 2282 485 2316 Primus
506 2282 548 2316 01.
570 2282 711 2326 Peyron
730 2293 786 2317 1110
815 2283 936 2317 docuit
956 2284 1050 2318 hanc
1069 2284 1232 2327 plantam
1253 2284 1356 2328 cujus
1376 2284 1518 2318 fructus
1547 2285 1633 2319 mihi
1657 2285 1739 2319 olim
1758 2286 1856 2330 igno-

297 2333 355 2362 tus
376 2333 454 2363 erat
474 2329 520 2363 ad
546 2340 657 2372 genus
683 2330 887 2373 Opopanaae
908 2331 1101 2374 pertinere.
1121 2331 1251 2365 Affinis
1273 2337 1325 2366 est
1351 2332 1391 2367 O.
1416 2332 1596 2366 Orientali
1624 2333 1720 2376 quod
1740 2333 1786 2367 ab
1814 2335 1855 2368 ea

298 2380 354 2409 sat
375 2375 520 2410 differre
539 2376 681 2410 videtur
701 2377 797 2411 foliis
817 2377 867 2410 bi·
889 2388 954 2412 1100
974 2379 1193 2421 tripinnatis,
1214 2379 1407 2422 segmentis
1427 2378 1538 2423 duplo
1559 2380 1758 2423 majoribus
1776 2380 1854 2415 basi

298 2422 527 2457 subcordatis
563 2423 950 2468 calcareo-serrulatis,
982 2425 1168 2459 involucro
1202 2431 1237 2460 et
1271 2426 1499 2460 involucellis
1531 2426 1854 2471 submonophyllis,

299 2469 438 2504 fructus
458 2471 620 2514 margine
637 2471 779 2505 latiore.

185 2613 299 2658 1061,
330 2614 425 2662 post
447 2612 796 2652 pastinacam
824 2614 1238 2654 teretiuseulam
1257 2615 1395 2655 insere
1417 2628 1425 2655 :

341 2699 399 2737 P.
423 2698 636 2739 hirsuta
657 2697 830 2750 (Pancic
847 2699 971 2740 Flora
992 2700 1129 2741 Princ.
1162 2700 1299 2750 Serb.,
1332 2715 1372 2754 p.
1405 2702 1499 2751 359)
1524 2702 1700 2751 biennis,
1737 2703 1856 2744 caule

289 2750 409 2790 valde
428 2751 588 2791 sulcato
608 2752 755 2793 stricte
774 2764 938 2793 ramoso
958 2753 1101 2804 patule
1127 2754 1325 2802 setuloso,
1349 2754 1456 2795 101113
1486 2755 1670 2796 breviter
1701 2756 1854 2796 setulo-

288 2803 343 2842 sis
377 2803 537 2843 ambitu
572 2803 1011 2855 oblongo-lanceolatis
1050 2807 1336 2857 pinnatisectis
1374 2808 1602 2859 segmentis
1636 2809 1855 2849 remotius-

289 2854 390 2895 culis
411 2856 622 2897 sessilibus
648 2857 837 2909 oblongis
866 2858 1072 2909 pinnatim
1105 2858 1254 2900 Iobatis
1288 2860 1351 2900 vel
1380 2861 1561 2912 partitis,
1595 2861 1853 2902 caulinorum

289 2907 408 2948 valde
441 2907 738 2949 diminutorum
772 2910 929 2950 laciniis
969 2912 1296 2962 angustioribus,
1329 2913 1530 2953 involucri
1552 2918 1594 2953 et
1620 2914 1853 2954 involucelli

287 2959 437 3012 phyllis
461 2960 801 3003 lineari-setaceis
829 2963 993 3003 demum
1023 2963 1198 3013 reflexis,
1235 2964 1395 3005 fructus
1428 2966 1562 3017 glabri
1595 2967 1707 3006 ovati
1740 2967 1855 3007 vittis
