2094 3351
204 223 274 257 153
950 237 1147 261 RHAMNEAE.
1688 228 1879 264 Rhamnus.

230 358 294 404 21,
329 357 426 398 Rh.
450 359 738 410 rupestriS,
762 358 870 399 adde
893 372 900 399 :

368 438 460 472 Hab.
479 439 514 473 in
534 445 656 474 monte
677 439 801 474 Korax
823 440 973 474 AEtoliae
995 443 1096 475 5500‘
1115 440 1302 484 (Heldr.!).

229 566 293 611 22,
331 564 613 615 Saqeretia
638 566 1092 614 Brandrethiana,
1115 566 1224 607 adde
1246 579 1254 606 t

367 650 461 684 Hab.
494 652 529 685 in
558 656 678 686 monte
711 652 850 687 Sawers
884 653 1019 687 Persiae
1051 652 1429 687 austro-occidentalis
1461 663 1576 697 prope
1608 653 1748 688 Gulbar
1775 655 1880 689 8000'

322 697 538 742 (HausskA),
559 699 593 732 in
616 698 813 743 Affghania
833 700 927 734 inter
948 699 1043 734 Thal
1065 705 1099 734 et
1120 700 1258 734 Kuram
1285 711 1398 744 usque
1419 699 1465 735 ad
1485 702 1588 735 4000‘
1609 701 1743 743 (Aitch.
1765 700 1878 745 3191).

576 921 784 961 ORDO
832 922 952 962 XL.
999 923 1501 963 LEGIJMINOSAE

678 1079 876 1121 SUBORDO
907 1080 939 1121 Ι.
972 1080 1305 1123 PAPILIONAC
1317 1081 1405 1122 13AE

226 1222 290 1267 24,
324 1220 598 1271 Anaqyris
618 1220 820 1268 foetida,
844 1219 978 1260 adde:

364 1301 455 1335 Hab.
477 1302 513 1335 in
533 1306 654 1336 monte
672 1301 846 1336 Ithabare
867 1301 1072 1336 Palaestinae
1093 1302 1222 1345 (Balll)
1240 1307 1276 1337 et
1296 1313 1410 1347 prope
1428 1303 1561 1337 Banias
1580 1303 1838 1347 (Wetzsteinl).

224 1433 289 1478 27,
326 1430 568 1480 Lupinus
591 1429 878 1480 diqitatus:
905 1441 955 1470 ex
980 1430 1226 1482 synonymia
1246 1429 1336 1470 dele
1356 1429 1410 1471 L
1440 1429 1651 1472 Cosentzm‘
1671 1429 1795 1472 Guss.
1827 1430 1878 1471 ob

304 1481 586 1576 leglssuglildclaffi
590 1482 729 1523 cinum
758 1480 931 1523 inferius
967 1481 1331 1523 tridenticulatum
1364 1482 1417 1523 ad
1452 1482 1505 1524 L.
1545 1483 1711 1524 tarium
1741 1483 1880 1536 potius

225 1673 289 1717 30,
323 1668 377 1709 ad
397 1669 561 1721 generis
585 1669 830 1720 Lupinus
854 1668 1012 1710 calcem
1031 1669 1198 1710 insere:

359 1757 414 1796 L.
437 1756 620 1796 luteus
643 1754 707 1802 (L.
742 1754 814 1807 Sp.
840 1754 959 1806 1015)
989 1754 1189 1807 adpresse
1213 1754 1384 1807 pilosus,
1419 1753 1568 1796 foliolis
1603 1759 1644 1796 7-
1649 1757 1694 1796 11
1725 1754 1879 1797 villosis

304 1808 502 1860 oblongo·
485 1807 693 1849 -obovatis
725 1808 816 1849 basi
855 1808 1058 1856 cuneatis,
1094 1808 1265 1849 floribus
1297 1807 1558 1849 verticillatis
1590 1808 1632 1849 in
1664 1819 1879 1849 racemum

303 1861 514 1922 dispositis
532 1861 718 1902 breviter
738 1860 1012 1913 pedicellatis,
1036 1860 1218 1902 bracteis
1240 1861 1373 1902 ovatis
1401 1860 1583 1910 caducis,
1607 1861 1759 1914 calycis
1779 1861 1879 1902 seri-

302 1915 362 1956 cei
389 1915 587 1966 utiinque
611 1913 827 1955 bracteola
852 1914 1000 1955 lineari
1026 1914 1219 1955 instructi
1240 1913 1351 1954 labio
1370 1914 1584 1966 superiore
1602 1914 1719 1955 blevi
1738 1913 1878 1966 bipar-

303 1968 382 2008 tito
403 1966 599 2008 inferiore
618 1967 807 2018 longiore
828 1966 1073 2015 tridentato,
1097 1967 1253 2008 corolla
1271 1967 1401 2015 lutea,
1418 1966 1627 2018 legumine
1642 1965 1879 2008 rufescente

301 2020 445 2061 villoso
472 2024 654 2060 rostrato
680 2023 722 2060 4-
726 2022 766 2060 6-
752 2031 950 2072 -spermo,
981 2019 1209 2061 seminibus
1234 2020 1399 2071 magnis
1424 2019 1596 2061 laevibus
1631 2020 1878 2072 compressis

303 2074 433 2125 nigris
454 2072 611 2114 albido-
614 2073 836 2113 maculatis
854 2076 917 2122 Θ.
935 2073 993 2114 Ic.
1017 2072 1080 2113 Fl.
1105 2072 1240 2114 Graec.
1260 2072 1348 2113 tab.
1372 2075 1462 2114 686.

359 2143 454 2178 Hab.
475 2144 510 2178 in
528 2143 635 2178 cultis
656 2144 861 2178 Paloestinae
879 2143 925 2178 ad
943 2143 1203 2179 Ptolemaidem
1225 2143 1348 2186 (Barb.
1368 2143 1522 2178 Herbor.
1544 2143 1630 2178 Lev.
1651 2154 1684 2188 p.
1707 2145 1799 2188 126).
1818 2145 1876 2178 An

319 2202 403 2226 vere
423 2191 670 2235 spontaneus?

315 2302 336 2336 b
361 2254 594 2336 Aul-Geogr.
616 2255 817 2298 Lusitania,
836 2255 1025 2298 Hispania,
1046 2254 1155 2289 Italia
1183 2254 1366 2297 australis,
1394 2253 1571 2298 Sardinia,
1595 2254 1728 2298 Sicilia,
1750 2253 1878 2289 Africa

341 2313 427 2337 orea
446 2314 486 2337 ιε.

223 2431 287 2476 32,
320 2426 741 2479 Argyrolobium
762 2426 1074 2474 unissorum,
1098 2424 1207 2466 adde
1230 2438 1237 2465 :

361 2510 510 2591 Halb.'in
528 2510 702 2544 calcareis
724 2508 946 2543 littoralibus
973 2508 1019 2543 ad
1048 2508 1227 2543 Mandara
1256 2518 1370 2552 prope
1397 2507 1661 2542 Alexandriam
1688 2507 1876 2551 (Letourn.

314 2568 387 2592 exs.
433 2561 496 2601 1.).

223 2687 287 2732 34,
320 2684 376 2722 A.
401 2691 636 2730 roseum,
660 2681 767 2722 adde
791 2694 798 2722 :

361 2765 454 2799 Hab.
475 2765 510 2799 in
530 2765 627 2799 valle
648 2764 786 2798 Kuram
806 2763 1011 2808 Affghaniae
1032 2763 1166 2799 (Aitch.
1189 2763 1299 2806 5452).

222 2897 286 2942 36,
318 2897 414 2946 post
435 2894 815 2944 Calycotomen
834 2892 1086 2932 villosam
1108 2891 1243 2931 insere
1268 2904 1275 2930 :

361 2983 412 3020 C.
436 2979 632 3020 infecta
656 2978 796 3029 (Guss.
822 2978 967 3019 Prodr.
1002 2977 1082 3019 Sic.
1106 2990 1147 3030 p.
1173 2978 1265 3027 372)
1287 2976 1486 3018 fruticosa
1513 2979 1653 3017 erecta
1674 2975 1876 3016 divarica-
