2094 3351
215 262 280 296 198
960 271 1143 295 nosAcmt.
1650 258 1866 304 Amyydalus
1875 288 1884 295 .

209 344 246 370 Pa
273 365 279 370 .

215 353 305 443 6434,
337 398 394 437 A.
417 397 679 447 lycioides
702 408 711 435 :

377 483 428 517 Cl.
451 483 591 526 Peyron
612 482 708 516 misit
727 481 792 516 snb
815 482 881 515 hoc
903 482 1045 515 nomine
1072 491 1090 515 e
1116 480 1290 514 silvaticis
1317 479 1446 513 Libani
1474 479 1520 513 ad
1546 479 1719 513 Beitmeri
1751 489 1888 512 ramum

329 530 487 564 sterilem
511 529 607 563 foliis
627 529 827 572 majoribus
849 535 885 563 et
906 528 1097 562 latioribus
1119 529 1213 567 (9-11
1236 527 1350 561 lineas
1371 526 1488 570 longis
1508 527 1567 560 3-3
1587 526 1618 567 'ln
1637 525 1736 569 latis)
1757 525 1892 560 discre-

329 584 474 620 pantem
497 583 533 611 ct
553 577 705 610 ulterius
725 575 1000 610 observandum.

211 711 301 756 645,
334 709 392 747 A.
417 707 797 758 spinosissima
821 720 828 743 :

374 796 454 829 linc
475 795 669 829 referenda
689 794 856 828 videntur
877 794 1073 837 specimina
1094 804 1137 828 ex
1163 793 1311 827 Alikhel
1337 793 1373 826 in
1399 791 1495 826 valle
1521 791 1658 826 Kuram
1686 790 1892 835 Affghaniae

326 843 385 876 nbi
410 843 516 877 valde
541 842 710 885 gregaria
741 848 794 876 est
825 841 960 884 (Aitch.
990 842 1066 876 Cat.
1099 841 1135 874 in
1165 841 1293 875 Journ.
1324 840 1427 873 Linn.
1455 840 1532 874 Soc.
1561 840 1647 873 1881
1671 838 1737 873 sub
1765 838 1894 872 Pramo

327 890 480 924 eburneci
500 900 573 924 cxs.
594 890 642 923 N0
666 889 774 932 1080.

209 1024 300 1068 647,
331 1023 427 1072 post
447 1020 709 1059 cerasum
731 1018 987 1057 diffusam
1009 1018 1145 1058 insere
1168 1029 1176 1057 :

370 1109 422 1147 C.
446 1106 849 1157 Jacquemontii
871 1103 1026 1154 (Hook.
1050 1103 1106 1144 fil.
1130 1103 1192 1144 Fl.
1219 1103 1331 1149 Ind.,
1354 1102 1408 1151 II,
1431 1115 1473 1154 p.
1506 1105 1582 1143 314
1613 1101 1690 1143 sub
1723 1101 1893 1151 Pruno)

314 1160 530 1207 fruticosa,
554 1159 680 1199 ramis
701 1158 858 1207 glabris
882 1157 1078 1198 tenuibus
1101 1157 1260 1197 strictis
1279 1155 1609 1207 dim-gentibus,
1633 1154 1739 1195 foliis
1760 1153 1893 1194 firmis

314 1212 593 1253 mediocribus
615 1212 771 1261 glabris
792 1211 855 1251 vel
877 1210 1025 1251 subtus
1041 1209 1255 1262 puberulis
1268 1208 1454 1249 breviter
1468 1207 1680 1260 petiolatis
1694 1207 1893 1248 obovato-

314 1266 508 1318 ellipticis
540 1265 674 1305 acutis
707 1268 830 1305 acute
858 1263 1045 1311 serratis,
1075 1262 1247 1303 floribus
1275 1261 1486 1302 coetaneis
1514 1260 1711 1301 solitariis
1735 1259 1893 1301 brevis-

314 1320 416 1359 sime
433 1318 743 1370 pedunculatis,
773 1317 925 1369 calycis
955 1316 1090 1368 glabri
1117 1316 1230 1356 intus
1256 1326 1383 1366 parce
1413 1313 1577 1366 pilosuli
1611 1313 1713 1354 tubo
1744 1312 1892 1364 glabro

315 1372 511 1412 (lentibus
550 1371 754 1422 oblongis,
790 1369 941 1422 petalis
980 1369 1109 1409 roseis
1142 1367 1534 1419 oblongo-ellipticis
1566 1366 1659 1407 basi
1690 1365 1892 1418 glandula

314 1426 471 1466 lineat-51.
504 1424 674 1470 notatis,
711 1423 846 1475 drupa
878 1422 1052 1472 globosa
1090 1421 1236 1473 glabra
1269 1419 1471 1472 pisiformi
1508 1420 1735 1471 purpurea,
1769 1422 1893 1471 puta-

313 1479 424 1518 mine
444 1478 534 1570 lzeffii
568 1492 619 1528 5.
644 1475 913 1528 Amyffllalus
935 1474 1110 1516 humilis
1137 1473 1310 1525 Edgew.
1340 1473 1490 1514 Trans.
1514 1471 1635 1513 Linn.
1659 1470 1771 1521 Soc.,
1794 1471 1888 1520 XX,

313 1535 364 1571 44
386 1543 466 1571 non
527 1542 592 1578 ge.

327 1602 466 1693 (xl-{alb
484 1601 757 1693 3{131711'g5221tissima
793 1601 887 1635 inter
916 1600 1087 1635 Shalizan
1121 1604 1156 1634 et
1189 1598 1339 1633 Alikhel
1371 1597 1478 1632 vallis
1514 1597 1651 1631 Kuram
1684 1595 1892 1640 Affghaniae

341 1677 352 1684 Δ
377 1657 425 1684 lte
440 1662 462 1683 1.
564 1677 569 1682 .
592 1677 598 1682 .

326 1762 336 1795 l
372 1714 477 1748 Folia
502 1714 643 1757 majora
670 1712 838 1757 pollicem
866 1712 922 1746 vel
949 1711 1059 1755 paulo
1088 1710 1245 1754 amplius
1275 1710 1395 1753 longa,
1427 1708 1561 1753 calycis
1586 1707 1696 1742 tubus
1725 1709 1745 1741 3
1775 1707 1893 1741 lineas

341 1772 465 1805 ongus.

372 1825 439 1859 Ar.
462 1824 604 1867 Googr.
624 1824 817 1869 Himalaya
838 1823 1075 1858 occidentalis
1095 1823 1130 1856 in
1148 1822 1294 1866 regione
1314 1820 1506 1855 Tibetaniae..

209 1963 300 2006 650,
335 1962 430 2011 post
450 1960 502 1999 C.
529 1959 740 1998 Padum
762 1958 923 1997 insere:

368 2045 420 2083 C.
446 2047 674 2083 cornuta
697 2041 840 2093 (Wall.
861 2041 903 2081 in
924 2040 1054 2093 Royle
1078 2039 1159 2088 Ill.,
1190 2042 1282 2087 207,
1313 2038 1400 2079 tab.
1428 2041 1492 2086 38,
1523 2038 1595 2089 fig.
1627 2036 1668 2088 2)
1696 2037 1888 2084 arborea,

313 2097 440 2137 ramis
462 2095 632 2136 novellis
660 2095 836 2135 racemis
863 2097 905 2134 et
930 2093 1094 2145 petiolis
1128 2092 1255 2133 dense
1285 2089 1760 2142 rufescenti-puberulis,
1783 2088 1893 2130 foliis

313 2150 546 2191 chartaceis
575 2148 704 2189 firmis
731 2147 921 2198 oblongis
947 2146 1009 2187 vel
1036 2144 1480 2197 oblongo-lanceolatis
1507 2143 1598 2184 basi
1626 2142 1893 2183 subcordatis

314 2203 493 2254 abrupte
514 2200 1008 2242 attenuato-acuminatis
1037 2200 1198 2239 minute
1219 2202 1261 2238 et
1289 2201 1439 2248 argute
1459 2196 1691 2244 serrulatis,
1714 2195 1892 2236 racemis

313 2256 447 2305 longis
479 2255 628 2295 erectis
662 2253 909 2301 ‹lensifloris‚
941 2252 1153 2304 pedicellis
1179 2250 1320 2303 calyce
1346 2249 1601 2301 longioribus
1631 2248 1770 2290 fructu
1797 2248 1892 2289 bre-

314 2309 512 2356 vioribUS,
537 2308 689 2359 calycis
708 2306 904 2347 dentibus
929 2303 1435 2357 glanduloso-fimbriatis,
1457 2302 1608 2354 petalis
1629 2301 1889 2349 orbiculatis,

314 2362 448 2414 (li-upa
464 2361 637 2413 globosa
669 2374 695 2411 5
712 2392 721 2401 .
741 2360 793 2401 P.
818 2358 965 2400 Padus
983 2357 1121 2399 Aitch.
1146 2357 1240 2398 Cat.
1261 2355 1401 2407 Affgh.
1425 2367 1507 2395 non
1526 2354 1574 2395 L.

326 2481 345 2514 P
372 2432 465 2466 Hab.
485 2431 636 2513 indvqule
655 2431 792 2464 Knram
812 2429 1017 2473 Affghaniae
1036 2429 1248 2462 7500-9000'
1269 2426 1403 2470 (Aitch.
1425 2427 1538 2468 3871).
1560 2425 1678 2469 Vulgo
1695 2423 1890 2469 Anyurak.

345 2481 481 2513 'ructus
502 2489 520 2513 e
551 2490 571 2512 n
591 2479 629 2512 is.

374 2543 481 2577 Claro
504 2542 753 2576 Maximowicz
775 2541 807 2574 in
831 2540 916 2574 Me'l.
935 2539 1038 2582 Biol.‚
1060 2539 1121 2581 XI,
1140 2549 1174 2582 p.
1194 2539 1261 2571 706
1280 2537 1498 2571 observante
1515 2546 1536 2570 a
1557 2536 1593 2571 0.
1612 2534 1717 2569 Pado
1734 2536 1889 2578 quacum

325 2591 359 2624 in
395 2590 512 2623 Ilook.
542 2589 595 2623 1⁸1.
630 2588 706 2622 Ind.
735 2587 941 2621 combinata
979 2585 1145 2630 specifice
1179 2585 1351 2618 distincta
1377 2584 1598 2625 indumento,
1628 2581 1726 2616 foliis
1757 2580 1890 2615 firmio-

326 2637 424 2671 ribus
457 2637 648 2670 transitum
682 2635 726 2669 ad
761 2642 846 2669 sect.
875 2635 1161 2668 Laurocerasnm
1192 2631 1452 2675 proebentibus,
1487 2631 1639 2664 racemis
1675 2627 1891 2671 densifloris⁷

326 2685 514 2728 pedicellis
535 2683 770 2725 abbreviatis,
792 2682 909 2725 (lrupa
926 2682 1037 2715 terti-[t
1058 2686 1163 2723 parte
1183 2679 1333 2722 majore.

373 2748 438 2781 Ar.
462 2747 605 2790 Geogr.
629 2747 820 2791 llimalaya
841 2751 1045 2789 temperata
1065 2744 1110 2779 ad
1131 2744 1268 2779 Sikkim
1291 2749 1326 2778 et
1347 2743 1487 2777 Bootan
1509 2752 1633 2785 usque.

209 2887 300 2931 651,
333 2884 551 2922 Prunus
573 2881 891 2927 divaricata,
915 2878 1022 2919 adde
1046 2891 1053 2918 :
1079 2878 1174 2918 Bot.
1199 2877 1313 2923 Mag.
1338 2876 1425 2917 tab.
1451 2878 1567 2915 6519.

209 3028 299 3072 (3553,
333 3025 515 3073 Pyrus
543 3022 764 3062 cordata
794 3021 918 3061 DeSV.
952 3031 976 3059 a
1005 3019 1056 3059 cl.
1092 3018 1265 3069 Wenzig
1298 3017 1420 3057 Linn.
1457 3020 1520 3064 38,
1555 3028 1596 3067 p.
1636 3019 1680 3056 17
1715 3014 1892 3065 aliisque

314 3076 519 3117 botanicis
538 3075 589 3115 ad
613 3075 860 3114 varietatem
882 3072 934 3114 P.
958 3071 1190 3113 communis·
1210 3070 1426 3111 reducitur
1445 3068 1555 3121 quod
1576 3066 1822 3109 verosimile.
