2115 3250
222 212 344 249 Silene.
972 227 1145 251 SILENEAE.
1850 221 1895 258 95

220 294 290 329 Pag.

326 346 371 388 S.
400 346 581 399 Ziyulata
600 348 715 388 lusus
735 350 759 388 2
780 347 937 389 Rohrb.
962 366 1009 381 :-
1036 348 1080 390 S.
1109 348 1259 390 villosa
1286 361 1374 390 var.
1404 350 1678 403 eylandulosa
1703 352 1889 395 Ehrenb.

324 398 441 440 herb.
464 411 554 451 quae
574 399 626 440 ob
646 400 806 440 semina
826 399 1168 441 undulato-alata
1186 401 1268 442 hoc
1286 405 1465 454 spectat.

382 469 476 503 Hab.
496 469 532 503 in
548 470 711 514 AEgypto
728 480 842 514 prope
863 470 1125 505 Alexandriam
1149 471 1352 516 (Ehrenb.).

222 602 312 649 601,
343 603 438 653 post
458 601 507 642 S.
531 601 879 642 delicatulam
898 602 1036 644 insere
1058 615 1066 643 :

207 1764 298 1811 601,

378 688 431 728 S.
453 689 714 729 insularis
735 688 893 741 (Barbe
939 689 982 730 in
1001 689 1112 730 Bull.
1131 688 1224 731 Soc.
1246 690 1383 732 Vaud.
1402 690 1469 732 Sc.
1485 691 1586 733 Nat.
1607 695 1721 742 1885,
1737 706 1779 746 p.
1796 694 1891 746 220)

320 751 459 781 annua
481 740 666 782 breviter
688 745 730 782 et
757 742 895 794 crispu
913 754 935 783 e
953 742 1377 794 pubescenti-viscida
1396 744 1570 786 obscure
1589 746 1741 795 virens,
1765 747 1892 787 cauli-

319 792 396 833 bus
433 793 622 844 pluribus
660 794 1156 847 ascendenti-prostratis
1193 796 1389 837 tenuibus
1423 797 1620 838 brevibus
1657 799 1722 839 fra
1754 799 1892 840 illimis

320 844 535 894 2-5-floris,
558 845 664 887 foliis
684 847 865 888 minimis
885 847 1218 900 ovato-oblongis
1239 848 1535 890 obtusiusculis
1554 850 1707 892 infimis
1765 853 1890 893 revis-

318 898 420 938 sime
433 899 644 950 petiolatis
658 900 862 951 supremis
876 899 1089 941 sessilibus
1109 901 1302 953 ellipticis
1319 902 1467 950 acutis,
1487 902 1658 944 floribus
1679 904 1729 944 ob
1753 904 1891 945 dicho-

318 951 457 991 tomiae
476 963 638 992 ramum
661 951 840 993 alterum
866 952 1103 993 abortivum
1131 954 1328 994 solitariis
1357 954 1591 1006 pedunculo
1621 955 1802 997 filiformi
1831 957 1890 998 eis

320 1002 474 1055 2-3-plo
494 1004 681 1055 longiore
700 1004 896 1053 suffultis,
920 1005 1059 1057 calyce
1083 1005 1271 1048 obsolete
1301 1019 1474 1048 nervoso
1494 1007 1676 1049 florifero
1696 1009 1890 1050 tubuloso

319 1054 513 1097 dentibus
543 1056 732 1108 oblongis
764 1057 923 1098 obtusis
952 1057 1169 1099 fructifero
1201 1059 1536 1111 ovato-oblongo,
1572 1061 1723 1112 petalis
1760 1063 1890 1104 roseis

317 1107 473 1148 lamina
491 1108 672 1161 oblonga
689 1109 933 1151 brevissime
953 1112 1129 1159 exserta,
1150 1112 1321 1163 capsula
1341 1114 1465 1152 ovata
1485 1113 1668 1166 calycem
1687 1115 1754 1155 vix
1773 1126 1890 1156 exce-

317 1159 442 1201 dente
461 1161 719 1214 carpophoro
738 1162 981 1203 brevissimo
1001 1164 1191 1216 sextuplo
1212 1164 1411 1216 longiore,
1434 1166 1563 1206 valvis
1585 1166 1752 1208 demum
1772 1168 1889 1220 apice

315 1213 528 1262 revolutis,
563 1214 790 1256 seminibus
826 1215 1006 1267 globosis
1038 1216 1268 1257 tuberculis
1304 1217 1510 1269 depressis
1542 1219 1707 1261 seriatis
1742 1219 1888 1261 obsitis

314 1265 509 1307 umbilico
529 1266 849 1309 foraminiformi
869 1271 932 1317 Θ.

328 1336 550 1427 (Plllalbb7i'r3
595 1343 718 1373 monte
763 1338 971 1373 Kalolamni
1015 1340 1143 1374 insulae
1183 1340 1395 1384 Karpathos
1439 1342 1721 1385 septentrionem
1763 1353 1888 1378 versus

370 1394 403 1418 ic
448 1410 455 1417 .
527 1411 562 1418 ..

372 1447 544 1482 Plantula
577 1447 774 1482 delicatula
806 1448 970 1484 caulibus
997 1450 1324 1495 2-4-pollicaribus,
1354 1450 1442 1485 folia
1471 1452 1614 1495 majora
1642 1464 1721 1487 cum
1749 1454 1886 1497 petiolo

327 1495 387 1527 3-4
411 1494 525 1529 lineas
548 1495 668 1538 longa,
701 1495 808 1540 calyx
837 1495 976 1531 florifer
1008 1499 1028 1530 3
1054 1497 1169 1532 lineas
1195 1498 1324 1541 longus
1353 1498 1522 1533 fructifer
1547 1499 1694 1534 inflatus
1722 1502 1742 1535 5
1772 1501 1886 1536 lineas

326 1540 455 1584 longus
484 1541 562 1576 fere
590 1544 610 1575 2
639 1542 746 1576 latus.
768 1542 900 1577 Affinis
928 1543 964 1578 S.
991 1543 1189 1578 delicatuloe
1217 1545 1381 1579 caulibus
1412 1545 1590 1590 elongatis
1623 1548 1753 1582 erectis
1778 1548 1886 1583 valde

327 1586 552 1632 dichotomis,
573 1587 670 1623 foliis
693 1590 819 1633 acutis,
840 1590 963 1634 calyce
984 1590 1149 1635 longiore
1169 1591 1354 1636 obconico‚
1381 1593 1533 1636 capsula
1559 1595 1787 1638 carpophoro
1807 1600 1884 1630 tan-

325 1638 401 1668 tum
422 1634 533 1679 duplo
554 1635 730 1680 longiore,
747 1637 942 1671 seminibus
961 1638 1190 1673 muriculatis
1211 1639 1402 1673 distinctae.
1424 1640 1552 1675 Facies
1571 1640 1608 1675 S.
1625 1641 1789 1676 sedoidis.

333 1763 387 1803 S.
411 1764 630 1816 Unqeri,
653 1764 761 1806 adde
782 1778 790 1806 :
814 1765 942 1807 Fenzl
960 1766 1003 1807 in
1022 1766 1171 1819 Unger
1194 1767 1318 1809 Reise
1342 1771 1432 1810 136.

368 1851 458 1886 Haec
477 1853 616 1896 species
629 1853 785 1897 pulchra
802 1864 847 1888 ex
859 1854 903 1888 cl.
915 1854 1139 1890 Heldreichii
1151 1855 1465 1891 observationibus
1477 1861 1513 1892 et
1525 1867 1569 1892 ex
1582 1858 1776 1901 specimine
1788 1858 1882 1893 fruc-

322 1897 432 1933 tifero
449 1899 494 1934 ab
516 1910 557 1934 eo
578 1899 752 1935 benevole
766 1902 1027 1936 communicato
1043 1903 1167 1947 calyce
1186 1902 1377 1937 fructifero
1404 1904 1508 1947 apice
1531 1910 1719 1939 contracto
1747 1905 1883 1949 gaudet

324 1950 359 1980 et
374 1945 456 1980 ideo
471 1957 542 1980 non
558 1947 652 1982 inter
668 1948 870 1992 Riyidulas,
886 1948 949 1984 sed
965 1949 1060 1984 inter
1072 1949 1342 1995 Leiocalycinas
1356 1951 1466 1994 juxta
1483 1951 1519 1986 S.
1543 1951 1717 1986 Creticam
1735 1953 1882 1987 militat.

320 1992 356 2026 S.
376 1993 543 2028 AEtoh'ca
561 1994 688 2028 Heldr.
708 1995 890 2030 Sertulum
909 2007 944 2039 p.
965 1998 1007 2030 15
1032 2001 1068 2031 et
1087 1996 1123 2031 S.
1144 1997 1423 2032 Rohrbachiana
1452 1998 1623 2033 Aschers.
1654 2000 1741 2034 Mss.
1771 2000 1807 2034 in
1826 2000 1881 2034 Pl.

322 2039 471 2074 Schrad.
490 2046 573 2075 sunt
591 2041 752 2084 ejusdem
767 2043 900 2085 speciei
917 2053 1125 2088 synonyma.

368 2103 461 2138 Hab.
478 2110 613 2148 praeter
632 2105 795 2140 Ithacam
812 2107 848 2140 in
868 2107 1008 2141 AEtolia
1034 2107 1081 2141 ad
1104 2106 1246 2141 radices
1268 2108 1400 2142 montis
1417 2108 1707 2152 Arapokephala
1728 2114 1764 2144 et
1784 2110 1879 2144 circa

321 2151 563 2195 Misolongion
588 2151 695 2195 (Sam.
717 2158 753 2187 et
772 2153 913 2188 Guicc.!
934 2153 1115 2199 Nickerl),
1140 2155 1177 2188 in
1202 2160 1323 2189 monte
1346 2156 1418 2190 San
1443 2155 1621 2191 Salvador
1640 2157 1769 2191 insulae
1796 2158 1880 2192 Cor·

321 2208 415 2241 cyrae
437 2197 658 2243 (Schrader).

202 2330 295 2376 602,
330 2328 384 2369 S.
407 2329 688 2380 Kotschyi‚
712 2329 820 2371 adde
842 2343 851 2371 ε

359 2430 395 2473 γἶ
428 2413 702 2474 effusissima.
724 2439 777 2474 ῖ-
796 2415 1275 2476 Caulessesquipedales
1289 2417 1413 2470 longe
1428 2421 1471 2478 et
1484 2419 1728 2461 tenuissime
1745 2433 1878 2462 ramo-

306 2466 476 2515 sissimi,
516 2468 740 2519 peduneuh
779 2468 914 2510 alares
951 2470 1163 2511 mterdum
1205 2471 1591 2523 1¹s2-2-polhcareS,
1626 2473 1878 2525 appendices

308 2519 470 2561 corollae
488 2520 695 2561 acutiores
716 2521 1013 2573 triangulares.

366 2590 460 2625 Hab.
478 2591 514 2625 in
534 2592 632 2635 agris
651 2592 763 2636 Syriae
783 2603 898 2636 prope
920 2593 1091 2628 Marasch
1110 2598 1145 2629 et
1165 2594 1201 2628 in
1222 2595 1396 2630 calcareis
1416 2596 1549 2639 apricis
1569 2597 1743 2631 montium
1763 2599 1876 2633 Avro-

317 2647 401 2671 man
421 2642 457 2672 et
475 2638 621 2673 Schahu
637 2639 884 2674 Kurdistaniae
905 2642 1008 2674 6000'
1028 2640 1242 2686 (Haussk.!).

199 2777 292 2824 602,
322 2779 417 2827 post
441 2776 491 2815 S.
513 2777 779 2828 Kotschyi
798 2778 936 2820 insere
957 2792 966 2819 ;

362 2863 412 2902 S.
446 2863 643 2903 striata
671 2864 875 2915 (Ehrenb.
909 2865 1027 2906 herb.
1062 2865 1220 2907 Rohrb.
1254 2867 1349 2908 Bot.
1380 2868 1484 2908 Zeit.
1525 2872 1639 2917 1867,
1675 2882 1715 2921 p.
1750 2872 1801 2912 83
1833 2875 1876 2911 et

305 2913 419 2955 Mon.
444 2914 517 2955 Sil.
545 2928 586 2967 p.
613 2918 703 2967 163)
733 2917 881 2968 glabra
904 2918 1075 2967 viscida,
1105 2919 1222 2960 caule
1250 2920 1406 2971 pumilo
1441 2925 1580 2962 erecto
1614 2922 1875 2964 divaricatim

307 2966 556 3016 dichotomo,
590 2967 696 3010 foliis
726 2969 952 3011 linearibus
980 2971 1071 3012 basi
1098 2972 1263 3021 ciliatis,
1286 2973 1498 3025 pedicellis
1524 2975 1669 3026 rigidis
1691 2975 1874 3017 alaribus
