2094 3351
953 247 1133 272 ROSACHAE..
1772 236 1874 271 Rosa.

314 371 455 418 roseis,
487 370 604 422 stylis
631 369 826 410 brevibus
855 370 1133 422 glaberrimis‚
1161 370 1326 410 urceolo
1359 373 1524 410 maturo
1556 381 1764 422 purpureo
1790 369 1879 422 pul-

311 435 410 475 poso
437 423 588 474 sepalis
609 422 826 462 destituto.

370 493 436 527 Ar.
462 492 602 534 Geogr.
626 493 748 537 Typus
769 503 879 536 parce
904 493 1068 536 hispidus
1092 492 1296 536 foliolisque
1323 503 1393 526 non
1425 498 1487 526 aut
1517 503 1627 536 parce
1655 493 1879 537 glandulosis

323 551 388 584 per
408 541 590 583 regionem
613 540 916 574 Mediterraneam
937 540 982 574 ab
1005 540 1154 583 Algeria
1175 545 1210 573 et
1231 540 1407 583 Hispania
1434 550 1499 583 per
1522 540 1691 583 Siciliam,
1722 540 1878 574 Galliam

324 587 531 621 calidiorem
555 587 772 630 Italiamque
792 593 904 621 totam
929 587 1135 630 divulgatus
1153 587 1187 620 in
1206 586 1354 621 Oriente
1371 588 1584 621 varietatem
1602 587 1696 621 hanc
1716 587 1877 630 praebet:

365 653 402 704 β.
436 649 598 691 Groeea.
628 673 676 677 -
708 649 864 690 Frutex
892 650 953 690 uti
981 649 1148 690 videtur
1177 649 1328 690 densus
1361 649 1542 697 humiliS,
1577 650 1682 690 rami
1713 649 1876 698 breves,

312 702 453 744 foliola
481 703 615 743 ovalia
650 702 909 743 subcuneata
940 702 1088 742 subtus
1115 702 1242 743 dense
1271 702 1531 754 glandulosa,
1562 702 1623 742 ita
1653 705 1702 742 ut
1733 701 1879 754 planta

312 756 368 797 R.
393 757 598 809 ayrestem
616 755 767 795 mirum
788 755 830 795 in
850 754 1019 795 modum
1040 755 1242 795 imitetur.

370 825 462 859 Hah.
478 826 513 859 in
533 826 680 868 regione
700 827 871 859 montana
892 830 928 859 et
947 824 1141 868 subalpina
1163 825 1312 859 Graeciae
1332 824 1409 858 bor.
1429 837 1435 858 :
1457 825 1633 869 Agrapha
1650 824 1754 859 Pindi
1773 827 1879 860 5500-

324 875 427 907 6500‘
447 873 616 912 (Haussk.
643 882 674 905 a.
706 872 819 915 1885),
852 872 946 906 unde
976 871 1092 906 forma
1116 872 1287 905 normalis
1314 871 1501 915 formaque
1521 872 1657 915 petiolo
1689 872 1881 915 nervisque

323 921 464 963 paginae
484 919 664 953 inferioris
681 919 886 953 foliolorum
907 918 1104 962 puberulis.

368 1067 430 1104 18.
464 1064 522 1103 R.
544 1066 800 1103 montana
821 1062 971 1114 (Chaix
992 1062 1104 1115 apud
1125 1062 1220 1103 Vill.
1244 1062 1306 1102 Fl.
1330 1062 1496 1114 Dauph.
1518 1062 1595 1111 111,
1618 1074 1658 1114 p.
1682 1062 1776 1113 547)
1796 1061 1882 1103 fru-

314 1121 382 1156 tex
415 1116 549 1157 elatus
569 1115 780 1163 flaccidas,
815 1116 942 1156 ramis
970 1115 1101 1167 longis
1127 1114 1319 1156 flexuosis
1347 1115 1581 1167 purpureis,
1612 1115 1766 1156 aculeis
1795 1127 1882 1156 cre-

313 1169 504 1209 berrimis
525 1180 634 1220 saepe
649 1168 870 1219 geminatis
890 1168 1016 1208 rectis
1037 1169 1121 1208 sive
1135 1168 1364 1219 paullulum
1381 1168 1562 1208 curvatis
1578 1168 1668 1209 basi
1684 1168 1882 1219 elongata

316 1221 525 1268 dilatatiS,
566 1220 713 1261 foliolis
752 1225 816 1261 5-7
851 1220 1128 1261 mediocribus
1161 1221 1246 1261 sive
1281 1221 1452 1261 minutis
1488 1220 1880 1261 ovato-rotundatis

315 1286 425 1325 saepe
458 1274 664 1314 truncatis
695 1273 759 1314 vel
785 1273 1296 1314 obovato-orbicularibus
1327 1273 1417 1313 basi
1450 1274 1682 1314 attenuatis
1707 1272 1882 1314 firmulis

314 1326 631 1377 rorido-glaucis
649 1337 759 1377 saepe
778 1325 1178 1377 purpurascentibus
1200 1326 1462 1378 glaberrimis
1483 1325 1764 1377 eglandulosis
1785 1326 1882 1374 (nisi

314 1379 354 1419 in
376 1391 502 1419 nervo
528 1378 664 1418 medio
691 1382 734 1418 et
761 1379 801 1418 in
828 1378 1036 1429 margine)
1063 1390 1206 1429 grosse
1235 1378 1290 1419 du
1324 1379 1459 1419 liciter
1485 1379 1657 1419 serratis
1687 1378 1882 1419 dentibus

313 1432 410 1472 latis
430 1431 599 1483 patulis,
622 1430 774 1482 petiolo
796 1431 985 1470 aculeato
1006 1431 1265 1482 glanduloso‚
1319 1431 1459 1472 oribus
1479 1431 1675 1472 solitariis
1701 1432 1882 1473 ternisve

313 1485 499 1526 breviter
530 1483 834 1535 pedunculatis,
874 1483 1120 1534 pedunculis
1153 1484 1317 1524 urceolo
1353 1484 1527 1525 centrali
1564 1483 1882 1526 inflorescentiae

310 1536 571 1578 brevioribus
604 1536 778 1576 urceolis
812 1535 1026 1587 dorsisque
1060 1537 1295 1588 sepalorum
1329 1537 1538 1589 glandulis
1570 1537 1692 1588 louge
1718 1537 1882 1588 stipita-

313 1591 366 1631 tis
400 1590 527 1630 dense
560 1588 746 1640 hispidis,
779 1588 922 1639 stipite
954 1588 1248 1640 glandularum
1280 1601 1390 1642 saepe
1419 1591 1696 1642 spinescente,
1730 1589 1882 1642 sepalis

312 1642 613 1696 appendicibus
634 1641 766 1693 longis
785 1642 929 1693 paucis
949 1643 1139 1693 angustis
1158 1642 1361 1694 praeditis,
1385 1643 1538 1683 corolla
1557 1654 1704 1694 parum
1723 1643 1882 1694 conspi-

313 1698 390 1738 cua
410 1695 606 1737 mediocri
626 1696 930 1741 carneo-rosea,
953 1694 1071 1746 stylis
1097 1694 1284 1746 hispidis,
1307 1695 1482 1736 urceolis
1503 1695 1636 1736 ovatis
1656 1694 1710 1735 ad
1732 1695 1881 1736 collum

311 1749 433 1790 valde
453 1747 683 1789 attenuatis
705 1747 878 1787 centrali
900 1747 1062 1787 clavato
1085 1748 1260 1788 maturis
1282 1748 1385 1789 collo
1406 1748 1521 1789 brevi
1546 1748 1767 1800 purpureis
1793 1748 1882 1799 pul-

312 1803 422 1855 posis
443 1801 593 1894 slepalis
610 1799 924 1851 erecto-patulis
941 1799 1063 1851 longe
1078 1799 1326 1841 durantibus
1340 1801 1464 1853 plena
1479 1805 1620 1841 autem
1635 1801 1882 1841 maturitate

313 1856 447 1896 articu
467 1855 560 1894 atiS.

371 1926 464 1960 Hab.
483 1927 517 1959 in
543 1931 664 1959 monte
691 1925 789 1969 Zygo
810 1923 915 1957 Pindi
941 1924 1128 1968 Tymphaei
1150 1924 1299 1958 Graeciae
1326 1924 1402 1958 bor.
1424 1927 1636 1959 4500-5000¹
1656 1924 1826 1968 (Haussk.
1848 1935 1880 1958 a.

327 1976 426 2016 1885,
447 1974 626 2017 specimen
647 1983 822 2014 mancum,
843 1971 905 2005 sed
926 1971 1110 2015 typicum).

370 2035 438 2069 Ar.
460 2035 601 2077 Geogr.
622 2035 734 2077 Alpes
753 2033 1007 2068 meridionales
1024 2039 1235 2077 montesque
1252 2033 1410 2076 Europae
1430 2034 1685 2068 austro-occid.
1708 2033 1753 2068 ad
1774 2033 1881 2067 Baeti-

325 2094 414 2125 cam,
452 2083 650 2126 Algeriani,
682 2082 873 2126 Japygiarn
907 2091 1038 2124 usque,
1069 2081 1252 2115 Orientem
1288 2091 1412 2114 versus
1444 2081 1542 2114 ultra
1577 2081 1689 2124 Alpes
1721 2081 1881 2115 Venetas

328 2130 446 2164 adhuc
467 2141 535 2163 non
557 2131 631 2163 visa
652 2136 742 2163 erat.

864 2278 900 2316 2.
933 2274 1223 2316 Pubescentes.

368 2405 429 2443 19.
463 2402 520 2441 R.
545 2401 890 2441 dumetorum
912 2399 1085 2452 (Thuill.
1108 2399 1171 2440 Fl.
1194 2399 1326 2440 Paris.
1350 2411 1390 2450 p.
1414 2402 1505 2447 250,
1529 2411 1567 2439 a.
1594 2397 1712 2449 1799)
1742 2397 1881 2438 frutex

310 2453 672 2501 homoeacanthus‚
708 2453 862 2494 aculeis
891 2453 1078 2501 aduncis,
1116 2451 1435 2505 macrophyllus,
1470 2451 1618 2492 foliolis
1651 2454 1716 2492 5-7
1748 2451 1882 2491 ovatis

311 2507 433 2548 modo
452 2507 648 2558 utrinque
667 2506 790 2546 modo
810 2506 958 2546 subtus
975 2506 1015 2546 in
1034 2506 1168 2546 nervis
1182 2505 1506 2557 pubescentibus
1524 2504 1770 2556 simpliciter
1784 2503 1881 2544 den-

313 2561 413 2601 tatis
429 2560 623 2600 (lentibus
644 2559 779 2599 minus
801 2571 925 2610 quam
946 2559 987 2598 in
1008 2558 1064 2599 R.
1090 2559 1247 2599 canina
1274 2557 1606 2609 prominentibus
1627 2568 1722 2597 raro
1742 2556 1882 2597 subbi-

312 2613 499 2660 serratis,
534 2612 687 2664 petiolo
718 2611 975 2664 pubescente
1013 2611 1203 2652 aculeato
1259 2622 1378 2651 arum
1417 2609 1677 2661 glanduloso,
1717 2609 1882 2660 stipulis

314 2665 515 2712 dilatatis,
539 2664 708 2705 floribus
735 2664 1012 2705 mediocribus
1042 2664 1217 2715 longepe
1250 2663 1459 2704 unculatis
1484 2674 1554 2703 cor
1583 2661 1738 2702 mbosis
1762 2661 1881 2702 brac-

313 2719 391 2759 teis
412 2717 653 2758 lanceolatis
673 2716 870 2765 suffultis,
891 2716 1136 2768 pedunculis
1157 2716 1431 2768 receptaculis
1451 2727 1550 2767 sepa
1568 2726 1770 2766 urumque
1790 2713 1882 2754 dor-

312 2772 366 2812 sis
388 2770 508 2811 nudis
530 2782 624 2810 raro
645 2769 852 2819 glandulis
876 2771 928 2810 sti
962 2770 1077 2809 itatis
1098 2769 1321 2821 obspersis,
1343 2768 1495 2820 sepalis
1519 2767 1683 2809 reflexis
1702 2767 1882 2818 pinnati-

314 2823 406 2864 fidis
445 2835 495 2874 ap
529 2822 743 2863 (indicibus
778 2834 888 2874 szrpe
940 2821 1119 2869 oliaceis,
1161 2822 1315 2862 corolla
1349 2820 1547 2861 mediocri
1584 2819 1878 2867 roseo-albida,

313 2876 430 2928 stylis
451 2876 491 2927 pi
511 2876 591 2916 osis
614 2887 723 2926 saepe
745 2874 865 2915 nudis
885 2887 1077 2926 saepeque
1097 2875 1137 2914 in
1161 2874 1271 2914 disco
1292 2873 1454 2914 elevato
1471 2872 1695 2913 admodum
1715 2872 1882 2923 elonga-

312 2930 380 2977 tis,
397 2928 562 2968 urceolo
576 2933 742 2968 maturo
755 2932 876 2968 ovato
890 2928 1072 2967 serotino
1087 2938 1296 2979 purpureo
1310 2926 1483 2979 pulposo
1496 2926 1647 2977 sepalis
1662 2924 1878 2966 destituto.

371 2999 463 3034 Hab.
484 3000 518 3033 in
537 2999 718 3033 montibus
737 2999 879 3033 Malevo
899 2999 1027 3042 (Orph.
1042 3001 1146 3040 3330)
1164 3004 1199 3032 et
1215 2998 1339 3032 Pelion
1358 2998 1506 3032 Graeciae
1524 2996 1694 3031 ‘Haussk
1709 3007 1742 3031 a.
1766 2997 1883 3039 1885),
