2094 3351
218 256 266 292 50
940 260 1161 285 CRUCWERAE.
1716 245 1888 291 Alyssmn.

219 338 289 371 Pag.

325 389 554 436 diminutis,
575 387 748 428 racemis
769 384 1073 431 confertifloris,
1099 382 1268 423 floribus
1288 380 1541 433 majusculis,
1564 379 1788 420 filamentis
1807 390 1893 419 ma-

320 441 483 495 joribus
510 439 738 493 appendice
765 438 918 479 coalita
948 435 1177 477 minoribus
1212 434 1343 475 libera
1375 434 1523 481 auctis,
1553 432 1702 485 petalis
1735 431 1893 472 citi-inis

325 494 513 536 obovatis
534 493 674 544 calyce
704 488 1115 543 sesquilongioribus,
1137 487 1306 528 siliculis
1323 486 1563 538 majusculis
1584 484 1740 537 glabris
1759 484 1894 543 planis

329 547 518 598 margine
538 546 769 586 incrassato
791 542 984 594 ellipticis
1010 541 1209 592 utrinque
1240 539 1373 580 acutis
1401 540 1443 580 in
1475 538 1630 590 stylum
1662 537 1895 589 longiuscu-

327 600 413 640 lum
434 598 680 645 attenuatis,
703 595 931 637 seminibus
949 592 1222 646 (Junioribus)
1243 592 1400 644 apteris
1427 595 1485 638 Ql.

386 670 480 705 Hab.
501 670 536 704 in
556 673 676 702 monte
697 666 860 701 Troodos
881 666 990 710 Cypri
1017 664 1120 708 (Sint.
1139 669 1174 699 et
1193 664 1334 708 Rigol).

388 734 518 770 Caules
539 732 790 776 semipedales,
811 730 900 765 folia
917 729 1144 764 surculorum
1162 730 1222 763 4-5
1239 728 1354 762 lineas
1374 727 1494 771 longa,
1512 725 1663 760 siliculae
1684 725 1734 759 eis
1751 725 1797 759 A.
1817 734 1895 759 ccm-

341 781 481 816 densati
500 785 536 815 et
555 781 601 814 A.
623 779 795 824 oxycarpi
812 777 923 821 duplo
943 777 1102 820 maiores
1124 775 1159 819 (4
1179 775 1240 809 lin.
1258 785 1337 810 cum
1355 774 1448 819 stylo
1467 774 1600 817 longae)
1622 771 1862 816 glaberrimae.

225 931 317 975 270,
377 927 509 1019 rotA.
540 935 602 983 ar
642 927 797 965 enteo
822 934 961 975 pone:
991 923 1050 962 A.
1083 921 1293 961 murale
1325 920 1484 960 W.K.
1518 923 1561 960 et
1590 917 1682 959 dele
1713 929 1804 969 syn.
1841 917 1895 958 A.

378 993 422 1020 PT
443 992 464 1019 O
483 991 568 1019 07222
640 990 720 1018 esv.

389 1067 435 1101 A.
457 1070 661 1111 arqenteum
678 1064 820 1099 Wittm.
842 1079 884 1091 =
902 1062 1070 1097 Lunai-ia
1091 1065 1257 1107 arqentea
1280 1060 1366 1105 All.,
1387 1060 1490 1104 cujus
1509 1060 1555 1094 A.
1576 1059 1777 1094 Ber-telonii
1795 1057 1898 1102 prob.

343 1113 471 1156 forma,
496 1118 550 1147 est
569 1113 698 1156 planta
715 1122 759 1146 ex
779 1110 1013 1145 Pedemontio
1034 1115 1071 1144 et
1090 1109 1199 1144 Italia
1223 1108 1342 1143 media
1367 1107 1516 1142 siliculis
1539 1106 1703 1141 ovalibus
1721 1116 1786 1141 nec
1804 1105 1898 1140 orbi-

348 1160 478 1195 culatis
495 1159 541 1194 ab
558 1160 603 1194 A.
617 1159 748 1193 murali
765 1158 985 1201 discrepans.

228 1296 318 1341 271,
350 1295 446 1344 post
465 1293 522 1332 A.
546 1292 750 1332 elatum
770 1290 906 1331 insere
928 1302 936 1330 :

385 1381 445 1419 A.
470 1379 838 1419 Chalcidicum
859 1376 1018 1428 (Janka
1036 1376 1225 1417 Breviar.
1246 1375 1280 1424 I,
1298 1374 1352 1416 Νο
1374 1375 1415 1427 3)
1436 1375 1623 1416 caulibus
1644 1374 1764 1415 elatis
1785 1374 1902 1426 apice

333 1432 479 1473 stricte
499 1436 542 1472 et
560 1431 802 1484 corymbose
820 1430 1010 1478 ramosis,
1029 1428 1137 1470 foliis
1169 1428 1367 1481 adpresse
1386 1427 1703 1480 lepidoto-canis
1723 1430 1902 1478 anguste

332 1483 580 1532 linearibus,
621 1484 798 1524 racemis
829 1481 1056 1524 fructiferis
1095 1481 1321 1522 contractis
1333 1513 1342 1528 ,
1381 1480 1593 1533 pedicellis
1637 1479 1902 1532 capillan'bus

335 1536 528 1578 flexuosis
542 1535 807 1577 inferioribus
821 1534 1029 1588 pendulis,
1044 1534 1283 1583 floribus...‚
1300 1533 1470 1575 siliculis
1483 1533 1623 1585 parvis
1637 1533 1770 1573 ovatis
1785 1531 1905 1573 obtu-

334 1590 390 1631 sis
408 1589 543 1642 planis
564 1589 685 1630 dorso
706 1588 852 1630 dissite
871 1587 1254 1640 stellato-lepidotis
1274 1587 1382 1640 stylo
1401 1586 1518 1627 brevi
1532 1585 1766 1638 apiculatis,
1784 1585 1904 1626 semi-

336 1642 457 1683 nibus
477 1642 697 1683 latiuscule
717 1641 840 1682 alatis
867 1644 926 1688 Ql.

393 1712 486 1747 Hab.
518 1713 553 1746 in
582 1713 718 1756 campis
747 1712 794 1746 ad
823 1712 995 1746 silvarum
1023 1711 1203 1755 margines
1234 1711 1328 1745 inter
1361 1720 1475 1754 pagos
1503 1710 1664 1745 Hierisso
1698 1714 1734 1744 et
1763 1708 1904 1744 Gometi

349 1759 573 1795 Chalcidices
592 1761 627 1794 in
648 1760 806 1794 Thracia
826 1759 964 1803 (Janka
974 1759 1008 1803 l).

396 1824 526 1859 Caules
546 1823 786 1868 2-4-pedales‚
806 1822 896 1858 folia
922 1825 981 1858 5-6
1002 1822 1117 1857 lineas
1137 1822 1247 1866 longa
1273 1822 1405 1856 lineam
1432 1822 1520 1866 lata,
1546 1821 1699 1856 siliculae
1725 1821 1821 1856 linea
1846 1821 1905 1855 vix

348 1871 540 1915 longiores.
569 1870 691 1906 Affine
719 1872 765 1905 A.
795 1872 888 1906 elato
915 1870 1087 1905 foliorum
1115 1869 1243 1913 forma,
1271 1869 1422 1904 siliculis
1458 1868 1658 1913 maioribus
1691 1868 1904 1904 orbiculatis

349 1918 486 1962 glabris
504 1918 682 1953 distincto.

231 2054 323 2099 274,
356 2051 415 2091 A.
439 2051 662 2102 Bunqei‚
683 2049 793 2091 adde
814 2062 823 2091 ε

397 2138 489 2173 Hab.
508 2138 544 2172 in
560 2138 774 2182 graminosis
791 2137 838 2172 ad
856 2137 1056 2182 Dilguscha
1072 2147 1187 2181 prope
1207 2136 1353 2173 Schiraz
1373 2136 1587 2180 (Haussk.!).

232 2280 325 2326 274,
358 2278 418 2318 A.
439 2280 761 2318 montanum
781 2279 819 2332 β.
841 2274 1125 2329 Hymettium,
1148 2274 1257 2316 adde
1279 2287 1287 2316 ε

398 2365 493 2401 Hab.
510 2366 547 2400 in
565 2371 686 2400 monte
709 2365 797 2400 OEta
817 2364 1003 2409 (Heldr.!).

394 2430 448 2471 A.
469 2431 718 2471 montanum
738 2446 775 2483 γ.
803 2428 1093 2470 oclzroleucum
1119 2440 1167 2468 ex
1196 2427 1491 2480 speciminibus
1519 2427 1694 2468 ulterius
1726 2428 1907 2480 acceptis

340 2484 381 2523 in
404 2483 584 2535 speciem
604 2482 817 2535 propriam
836 2480 1144 2523 restituendum
1167 2493 1175 2521 :

393 2628 452 2667 A.
496 2627 881 2668 ochroleucum
916 2625 1069 2678 (Boiss.
1098 2629 1141 2666 et
1171 2625 1285 2666 Huet
1312 2625 1466 2677 Diagn.
1495 2624 1586 2667 Ser.
1612 2625 1667 2673 II,
1696 2629 1734 2674 5,
1762 2638 1805 2678 p.
1841 2627 1908 2678 36)

340 2684 475 2721 totum
497 2679 591 2732 pilis
611 2679 789 2720 stellatis
812 2678 1240 2731 lepidoto-canescens
1259 2678 1516 2727 multicaule,
1542 2678 1730 2720 caulibus
1758 2679 1907 2720 erectis

341 2732 506 2785 pumilis
527 2731 655 2773 dense
674 2731 829 2773 foliosis
854 2731 1006 2783 saepius
1032 2731 1109 2771 sim
1141 2730 1302 2779 licibus,
1326 2730 1432 2772 foliis
1462 2734 1641 2784 anguste
1665 2730 1906 2781 linearibus,

340 2786 515 2826 racemis
536 2784 791 2826 abbreviatis
811 2783 950 2825 densis
971 2782 1095 2824 fructi
1116 2784 1196 2824 eris
1223 2783 1524 2836 subelongatis,
1553 2783 1724 2825 floribus
1753 2785 1906 2836 parvis,

370 2838 490 2879 etalis
511 2837 763 2879 ochroleucis
790 2837 930 2889 calyce
956 2836 1023 2877 vix
1053 2835 1462 2888 sesquilongioribus,
1494 2835 1718 2877 filamentis
1744 2836 1910 2889 majori-

370 2902 419 2931 us
438 2890 599 2931 inferne
625 2890 812 2931 dilatatis
831 2901 960 2942 supra
977 2888 1161 2930 medium
1184 2892 1223 2929 1-
1242 2888 1307 2929 vel
1332 2888 1660 2937 2-denticulatis,
1681 2889 1909 2931 minoribus

341 2956 393 2996 ap
427 2943 571 2984 endice
591 2943 716 2996 triplo
741 2942 931 2983 breviore
955 2941 1105 2990 auctis,
1134 2941 1304 2982 siliculis
1333 2941 1545 2993 pedicellis
1576 2942 1819 2993 patentibus
1851 2942 1908 2984 eis

339 3008 390 3038 su
422 2996 677 3048 longioribus
714 2995 895 3037 suffultis
930 2995 1068 3047 parvis
1107 2994 1348 3035 orbiculatis
1386 2994 1538 3036 retusis
1573 2994 1764 3036 convexis
1801 2995 1908 3047 stylo
