2115 3250
220 226 395 260 Auchusa.
927 236 1183 262 nonnAmNnAE.
1826 228 1888 264 35¹

217 307 286 341 Pag.

222 380 309 427 159,
340 379 398 418 Α.
421 379 756 429 AEqypt1aca,
779 377 912 418 adde:

381 466 474 500 Hah.
496 467 531 500 in
552 466 691 500 saxosis
710 466 900 500 maritimis
916 466 1044 500 insulae
1064 466 1218 502 Salamis
1237 467 1369 501 Atticae
1387 467 1526 510 (Heldr.
1540 468 1574 510 !).

221 582 308 626 159,
339 579 398 617 A.
419 578 630 626 Milleri‚
659 577 767 619 adde
789 590 798 618 t

380 665 474 699 Hab.
495 667 531 699 in
552 665 704 709 planitie
723 666 821 700 elata
842 665 975 700 Galala
1003 665 1137 700 deserti
1165 667 1551 711 AEgyptiaco-Arabici
1581 668 1828 712 (Schweinf.!),
1858 671 1891 704 in

332 712 499 747 districtu
518 713 657 747 Hariab
674 712 880 757 Affghaniae
901 713 1036 756 (Aitch.
1049 713 1083 757 !).

218 831 305 878 161,
338 830 397 868 A.
419 829 714 880 variegata,
738 828 873 870 adde:

376 918 471 953 Hab.
492 919 528 952 in
549 919 657 953 Creta
677 917 724 952 ad
744 918 893 953 Malaxa
912 918 1148 962 (Reverch.!).

216 1033 303 1078 164,
337 1031 562 1070 Nonnea
592 1030 918 1077 obtusiiolia‚
941 1029 1050 1071 adde
1073 1043 1081 1070 :

376 1118 470 1152 Hab.
492 1119 528 1152 in
549 1118 662 1152 vineis
681 1117 835 1152 Troadis
855 1117 902 1152 ad
923 1118 1079 1153 Renkioi
1100 1118 1204 1162 (Sint.
1228 1120 1294 1152 120
1304 1119 1336 1162 !).

215 1231 302 1273 166,
335 1228 399 1267 Ν.
421 1227 583 1277 picta,
613 1226 722 1268 adde
744 1239 753 1267 :

375 1315 468 1350 Hab.
489 1316 525 1349 in
546 1315 713 1349 districtu
733 1315 872 1350 Hariab
890 1314 1096 1359 Affghaniae
1118 1314 1250 1358 (Aitch.
1269 1317 1354 1350 230!
1375 1316 1440 1350 sub
1462 1316 1510 1350 N.
1528 1317 1758 1361 niyrieantel.

215 1433 302 1478 176,
338 1430 706 1480 Symphytum
726 1430 1033 1478 bulbosum,
1056 1429 1165 1470 adde
1187 1442 1196 1470 :

375 1517 469 1552 Hab.
486 1518 522 1551 in
538 1517 636 1552 valle
656 1517 845 1552 Dumbrek
863 1517 1017 1552 Troadis
1039 1518 1141 1561 (Sint.
1158 1520 1203 1552 42
1215 1518 1251 1562 !).

213 1636 302 1681 177,
335 1633 702 1673 Psilostemon
725 1633 1016 1681 Creticum,
1040 1633 1149 1674 adde
1171 1645 1179 1674 :

373 1720 465 1754 Hab.
484 1721 519 1754 in
540 1720 722 1763 speluncis
740 1720 915 1754 montium
936 1720 1064 1754 insulae
1084 1720 1296 1765 Karpathos
1318 1721 1478 1765 (Pichler
1497 1723 1610 1762 4721).

212 1836 300 1882 178,
330 1837 427 1886 post
449 1834 792 1874 Podonosma
817 1834 1108 1885 Syriacum
1127 1834 1265 1875 insere
1286 1848 1294 1875 :

368 1921 427 1959 P.
455 1921 735 1960 Galalense
757 1919 998 1972 (Schweinf.
1022 1944 1072 1949 -
1090 1920 1225 1962 Boiss.
1247 1920 1311 1962 Fl.
1335 1921 1408 1963 Or.
1430 1921 1504 1971 IV,
1526 1934 1568 1974 p.
1594 1923 1727 1972 1199).

371 1990 464 2025 Hab.
485 1991 521 2024 in
535 1990 688 2034 planitie
705 1990 803 2025 elata
818 1990 951 2025 Galala
965 1990 1101 2025 deserti
1117 1991 1508 2036 AEgyptiaco-Arabici
1525 1993 1628 2027 3300‘
1644 1991 1887 2036 (Schweinfstl.

209 2106 298 2150 182,
333 2103 571 2144 onosma
594 2104 858 2152 Graecum,
881 2103 991 2144 adde
1013 2116 1021 2144 :

371 2190 465 2226 Hab.
485 2191 523 2225 in
543 2192 660 2227 Cretae
680 2191 863 2226 montibus
884 2191 1035 2226 Malaxa
1056 2192 1247 2236 (Reverch.
1269 2203 1344 2228 exs.
1366 2193 1431 2228 sub
1454 2193 1493 2229 Ο.
1514 2194 1715 2238 echioidel).

212 2308 299 2353 185,
334 2305 392 2345 Ο.
425 2306 767 2355 fruticosum,
789 2305 923 2347 adde:

371 2393 465 2428 Hab.
482 2394 519 2428 in
535 2395 709 2429 montosis
726 2395 821 2429 inter
841 2395 1009 2430 Kantara
1029 2399 1065 2431 et
1085 2395 1235 2431 Akalka
1255 2397 1372 2432 Cretae
1395 2397 1500 2440 (Sint.
1522 2402 1558 2433 et
1576 2398 1711 2443 Rigon.

210 2510 299 2556 190,
333 2507 391 2548 Ο.
416 2508 779 2559 caespitosum‚
801 2508 912 2549 adde
933 2522 942 2550 :

370 2596 467 2631 Hab.
487 2596 535 2631 ad
555 2607 663 2641 rupes
684 2597 797 2632 occid.
818 2599 950 2633 montis
969 2598 1254 2645 Pentadactylos
1272 2601 1382 2646 Cypri
1404 2600 1507 2645 (Sint.
1529 2606 1565 2637 et
1584 2601 1677 2647 Rigo
1698 2604 1762 2638 531
1776 2604 1811 2646 !).

207 2713 298 2759 208,
332 2711 561 2751 Echium
582 2713 888 2762 Rauwolfii,
910 2713 1019 2754 adde
1041 2726 1049 2754 :

324 2799 642 2891 (Silgffbdtissiggasi
669 2800 809 2835 Dachel
838 2801 992 2846 AEgypti
1022 2801 1247 2848 (Aschers.!),
1276 2804 1313 2838 in
1341 2804 1460 2839 insula
1489 2805 1608 2850 Cypro
1637 2805 1684 2840 ad
1711 2806 1886 2851 Kythraea

207 2963 298 3008 210,
331 2961 388 3001 Ε.
412 2961 741 3010 arenarium,
763 2961 872 3003 adde
895 2975 902 3003 :

370 3049 465 3084 Hab.
486 3050 521 3084 in
540 3050 648 3095 Cypri
668 3051 916 3094 promontorio
936 3052 1073 3096 Hagios
1094 3052 1261 3088 Andreas
1282 3054 1386 3097 (Sint.
1408 3059 1444 3089 et
1463 3054 1554 3099 Rigo
1575 3057 1684 3096 1092).
