<?xml version="1.0" encoding="UTF-8"?>
<!DOCTYPE html PUBLIC "-//W3C//DTD XHTML 1.0 Transitional//EN"
    "http://www.w3.org/TR/xhtml1/DTD/xhtml1-transitional.dtd">
<html xmlns="http://www.w3.org/1999/xhtml" xml:lang="en" lang="en">
 <head>
  <title>
</title>
<meta http-equiv="Content-Type" content="text/html;charset=utf-8" />
  <meta name='ocr-system' content='tesseract 3.04.00' />
  <meta name='ocr-capabilities' content='ocr_page ocr_carea ocr_par ocr_line ocrx_word'/>
</head>
<body>
  <div class='ocr_page' id='page_1' title='image "./floraorientaliss00bois_0125.png"; bbox 0 0 2115 3250; ppageno 0'>
   <div class='ocr_carea' id='block_1_1' title="bbox 225 189 1894 228">
    <p class='ocr_par' dir='ltr' id='par_1_1' title="bbox 225 189 1894 228">
     <span class='ocr_line' id='line_1_1' title="bbox 225 189 1894 228; baseline 0 -3"><span class='ocrx_word' id='word_1_1' title='bbox 225 189 375 225; x_wconf 80' lang='lat' dir='ltr'><strong><em>Tunica.</em></strong></span> <span class='ocrx_word' id='word_1_2' title='bbox 955 200 1126 223; x_wconf 56' lang='lat' dir='ltr'>sumne.</span> <span class='ocrx_word' id='word_1_3' title='bbox 1849 194 1894 228; x_wconf 82' lang='grc'>83</span> 
     </span>
    </p>
   </div>
   <div class='ocr_carea' id='block_1_2' title="bbox 222 270 1894 543">
    <p class='ocr_par' dir='ltr' id='par_1_2' title="bbox 222 270 1894 543">
     <span class='ocr_line' id='line_1_2' title="bbox 222 270 297 305; baseline 0 -8"><span class='ocrx_word' id='word_1_4' title='bbox 222 270 297 305; x_wconf 79' lang='lat' dir='ltr'>Pag.</span> 
     </span>
     <span class='ocr_line' id='line_1_3' title="bbox 332 322 1894 378; baseline 0.003 -15"><span class='ocrx_word' id='word_1_5' title='bbox 332 323 392 364; x_wconf 90' lang='lat' dir='ltr'>vis</span> <span class='ocrx_word' id='word_1_6' title='bbox 440 322 755 371; x_wconf 88' lang='lat' dir='ltr'>rominentibus‚</span> <span class='ocrx_word' id='word_1_7' title='bbox 777 322 926 374; x_wconf 86' lang='lat' dir='ltr'>petalis</span> <span class='ocrx_word' id='word_1_8' title='bbox 945 323 1074 363; x_wconf 87' lang='lat' dir='ltr'>roseis</span> <span class='ocrx_word' id='word_1_9' title='bbox 1094 323 1543 375; x_wconf 83' lang='lat' dir='ltr'>oblongo-spathulatis</span> <span class='ocrx_word' id='word_1_10' title='bbox 1569 324 1728 365; x_wconf 85' lang='lat' dir='ltr'>obtusis</span> <span class='ocrx_word' id='word_1_11' title='bbox 1755 326 1894 378; x_wconf 80' lang='lat' dir='ltr'>calyce</span> 
     </span>
     <span class='ocr_line' id='line_1_4' title="bbox 332 374 1894 428; baseline 0.002 -12"><span class='ocrx_word' id='word_1_12' title='bbox 332 375 415 427; x_wconf 92' lang='lat' dir='ltr'>dup</span> <span class='ocrx_word' id='word_1_13' title='bbox 434 387 457 416; x_wconf 95' lang='lat' dir='ltr'>o</span> <span class='ocrx_word' id='word_1_14' title='bbox 476 375 746 427; x_wconf 82' lang='lat' dir='ltr'>longioribus,</span> <span class='ocrx_word' id='word_1_15' title='bbox 769 374 938 426; x_wconf 77' lang='lat' dir='ltr'>capsula</span> <span class='ocrx_word' id='word_1_16' title='bbox 957 374 1380 427; x_wconf 81' lang='lat' dir='ltr'>oblongo—cylindrica</span> <span class='ocrx_word' id='word_1_17' title='bbox 1401 376 1540 428; x_wconf 77' lang='lat' dir='ltr'>calyce</span> <span class='ocrx_word' id='word_1_18' title='bbox 1557 376 1755 428; x_wconf 79' lang='lat' dir='ltr'>longiore,</span> <span class='ocrx_word' id='word_1_19' title='bbox 1773 379 1894 419; x_wconf 89' lang='lat' dir='ltr'>semi-</span> 
     </span>
     <span class='ocr_line' id='line_1_5' title="bbox 331 427 1280 479; baseline 0 -11"><span class='ocrx_word' id='word_1_20' title='bbox 331 428 452 469; x_wconf 91' lang='lat' dir='ltr'>nibus</span> <span class='ocrx_word' id='word_1_21' title='bbox 473 427 660 479; x_wconf 85' lang='lat' dir='ltr'>oblongis</span> <span class='ocrx_word' id='word_1_22' title='bbox 681 427 1004 468; x_wconf 87' lang='lat' dir='ltr'>concaviusculis</span> <span class='ocrx_word' id='word_1_23' title='bbox 1024 428 1195 468; x_wconf 83' lang='lat' dir='ltr'>laevibus</span> <span class='ocrx_word' id='word_1_24' title='bbox 1223 432 1280 475; x_wconf 70' lang='lat' dir='ltr'>Ql.</span> 
     </span>
     <span class='ocr_line' id='line_1_6' title="bbox 390 496 1659 543; baseline 0.001 -12"><span class='ocrx_word' id='word_1_25' title='bbox 390 496 484 531; x_wconf 89' lang='lat' dir='ltr'>Hab.</span> <span class='ocrx_word' id='word_1_26' title='bbox 504 497 540 531; x_wconf 91' lang='lat' dir='ltr'>in</span> <span class='ocrx_word' id='word_1_27' title='bbox 560 497 723 531; x_wconf 86' lang='lat' dir='ltr'>faucibus</span> <span class='ocrx_word' id='word_1_28' title='bbox 743 498 873 531; x_wconf 90' lang='lat' dir='ltr'>montis</span> <span class='ocrx_word' id='word_1_29' title='bbox 895 496 990 530; x_wconf 84' lang='lat' dir='ltr'>OEtae</span> <span class='ocrx_word' id='word_1_30' title='bbox 1007 497 1226 531; x_wconf 84' lang='lat' dir='ltr'>Phthiotidis</span> <span class='ocrx_word' id='word_1_31' title='bbox 1245 499 1457 532; x_wconf 83' lang='lat'>4500-6000‘</span> <span class='ocrx_word' id='word_1_32' title='bbox 1474 498 1612 541; x_wconf 88' lang='lat' dir='ltr'>(Heldr.</span> <span class='ocrx_word' id='word_1_33' title='bbox 1625 499 1659 543; x_wconf 88' lang='lat'>!).</span> 
     </span>
    </p>
   </div>
   <div class='ocr_carea' id='block_1_3' title="bbox 343 561 1895 745">
    <p class='ocr_par' dir='ltr' id='par_1_3' title="bbox 343 561 1895 745">
     <span class='ocr_line' id='line_1_7' title="bbox 392 561 1894 607; baseline 0.002 -12"><span class='ocrx_word' id='word_1_34' title='bbox 392 561 520 596; x_wconf 87' lang='lat' dir='ltr'>Caules</span> <span class='ocrx_word' id='word_1_35' title='bbox 550 572 629 595; x_wconf 90' lang='lat' dir='ltr'>cum</span> <span class='ocrx_word' id='word_1_36' title='bbox 653 561 823 605; x_wconf 77' lang='lat' dir='ltr'>panicula</span> <span class='ocrx_word' id='word_1_37' title='bbox 851 561 1134 604; x_wconf 83' lang='lat' dir='ltr'>4-6-pollicares‚</span> <span class='ocrx_word' id='word_1_38' title='bbox 1168 561 1256 596; x_wconf 89' lang='lat' dir='ltr'>folia</span> <span class='ocrx_word' id='word_1_39' title='bbox 1286 562 1428 596; x_wconf 88' lang='lat' dir='ltr'>caulina</span> <span class='ocrx_word' id='word_1_40' title='bbox 1460 564 1480 595; x_wconf 88' lang='grc'>4</span> <span class='ocrx_word' id='word_1_41' title='bbox 1509 562 1623 596; x_wconf 88' lang='lat' dir='ltr'>lineas</span> <span class='ocrx_word' id='word_1_42' title='bbox 1652 563 1760 607; x_wconf 86' lang='lat' dir='ltr'>longa</span> <span class='ocrx_word' id='word_1_43' title='bbox 1790 564 1894 599; x_wconf 80' lang='lat' dir='ltr'>lineae</span> 
     </span>
     <span class='ocr_line' id='line_1_8' title="bbox 347 607 1895 654; baseline 0.002 -12"><span class='ocrx_word' id='word_1_44' title='bbox 347 607 385 649; x_wconf 76' lang='lat' dir='ltr'>⁸l4</span> <span class='ocrx_word' id='word_1_45' title='bbox 414 608 501 642; x_wconf 87' lang='lat' dir='ltr'>lata.</span> <span class='ocrx_word' id='word_1_46' title='bbox 525 608 656 642; x_wconf 85' lang='lat' dir='ltr'>Affinis</span> <span class='ocrx_word' id='word_1_47' title='bbox 684 609 720 642; x_wconf 82' lang='lat' dir='ltr'>T.</span> <span class='ocrx_word' id='word_1_48' title='bbox 745 608 936 652; x_wconf 74' lang='lat' dir='ltr'>yramineoe</span> <span class='ocrx_word' id='word_1_49' title='bbox 959 619 1039 651; x_wconf 83' lang='lat' dir='ltr'>quae</span> <span class='ocrx_word' id='word_1_50' title='bbox 1063 608 1184 642; x_wconf 85' lang='lat' dir='ltr'>differ-t</span> <span class='ocrx_word' id='word_1_51' title='bbox 1203 608 1299 643; x_wconf 90' lang='lat' dir='ltr'>foliis</span> <span class='ocrx_word' id='word_1_52' title='bbox 1324 609 1477 643; x_wconf 88' lang='lat' dir='ltr'>setaceis</span> <span class='ocrx_word' id='word_1_53' title='bbox 1497 609 1729 654; x_wconf 86' lang='lat' dir='ltr'>fasciculatis,</span> <span class='ocrx_word' id='word_1_54' title='bbox 1746 610 1895 645; x_wconf 90' lang='lat' dir='ltr'>floribus</span> 
     </span>
     <span class='ocr_line' id='line_1_9' title="bbox 343 655 1894 701; baseline 0.002 -12"><span class='ocrx_word' id='word_1_55' title='bbox 343 655 540 698; x_wconf 70' lang='lat' dir='ltr'>maioribus</span> <span class='ocrx_word' id='word_1_56' title='bbox 569 655 1000 699; x_wconf 81' lang='lat' dir='ltr'>racemoso-paniculatis,</span> <span class='ocrx_word' id='word_1_57' title='bbox 1030 655 1162 700; x_wconf 87' lang='lat' dir='ltr'>calycis</span> <span class='ocrx_word' id='word_1_58' title='bbox 1196 655 1369 699; x_wconf 83' lang='lat' dir='ltr'>hispiduli</span> <span class='ocrx_word' id='word_1_59' title='bbox 1404 656 1570 690; x_wconf 80' lang='lat' dir='ltr'>dentibus</span> <span class='ocrx_word' id='word_1_60' title='bbox 1601 658 1715 691; x_wconf 89' lang='lat' dir='ltr'>ovatis</span> <span class='ocrx_word' id='word_1_61' title='bbox 1747 656 1894 701; x_wconf 86' lang='lat' dir='ltr'>obtusis,</span> 
     </span>
     <span class='ocr_line' id='line_1_10' title="bbox 343 701 713 745; baseline 0 -9"><span class='ocrx_word' id='word_1_62' title='bbox 343 702 475 745; x_wconf 87' lang='lat' dir='ltr'>petalis</span> <span class='ocrx_word' id='word_1_63' title='bbox 495 701 713 737; x_wconf 85' lang='lat' dir='ltr'>obcordatis.</span> 
     </span>
    </p>
   </div>
   <div class='ocr_carea' id='block_1_4' title="bbox 223 831 1435 967">
    <p class='ocr_par' dir='ltr' id='par_1_4' title="bbox 223 831 1435 967">
     <span class='ocr_line' id='line_1_11' title="bbox 223 831 812 882; baseline -0.002 -8"><span class='ocrx_word' id='word_1_64' title='bbox 223 835 317 882; x_wconf 87' lang='lat'>520,</span> <span class='ocrx_word' id='word_1_65' title='bbox 348 833 401 873; x_wconf 90' lang='lat' dir='ltr'>T.</span> <span class='ocrx_word' id='word_1_66' title='bbox 427 833 651 881; x_wconf 85' lang='lat' dir='ltr'>Cretica,</span> <span class='ocrx_word' id='word_1_67' title='bbox 674 831 782 873; x_wconf 90' lang='lat' dir='ltr'>adde</span> <span class='ocrx_word' id='word_1_68' title='bbox 804 845 812 873; x_wconf 78' lang='grc' dir='ltr'>ε</span> 
     </span>
     <span class='ocr_line' id='line_1_12' title="bbox 389 921 1435 967; baseline 0 -11"><span class='ocrx_word' id='word_1_69' title='bbox 389 921 482 956; x_wconf 90' lang='lat' dir='ltr'>Hab.</span> <span class='ocrx_word' id='word_1_70' title='bbox 503 921 675 957; x_wconf 77' lang='lat' dir='ltr'>ininsula</span> <span class='ocrx_word' id='word_1_71' title='bbox 696 921 919 966; x_wconf 81' lang='lat' dir='ltr'>Cephalonia</span> <span class='ocrx_word' id='word_1_72' title='bbox 939 931 1053 965; x_wconf 86' lang='lat' dir='ltr'>prope</span> <span class='ocrx_word' id='word_1_73' title='bbox 1073 921 1228 967; x_wconf 82' lang='lat' dir='ltr'>Pylavos</span> <span class='ocrx_word' id='word_1_74' title='bbox 1250 921 1435 966; x_wconf 84' lang='lat' dir='ltr'>(Heldr.!).</span> 
     </span>
    </p>
   </div>
   <div class='ocr_carea' id='block_1_5' title="bbox 223 1053 906 1105">
    <p class='ocr_par' dir='ltr' id='par_1_5' title="bbox 223 1053 906 1105">
     <span class='ocr_line' id='line_1_13' title="bbox 223 1053 906 1105; baseline -0.003 -9"><span class='ocrx_word' id='word_1_75' title='bbox 223 1056 319 1103; x_wconf 92' lang='lat'>521,</span> <span class='ocrx_word' id='word_1_76' title='bbox 349 1054 403 1094; x_wconf 89' lang='grc' dir='ltr'>Τ.</span> <span class='ocrx_word' id='word_1_77' title='bbox 428 1053 744 1105; x_wconf 87' lang='lat' dir='ltr'>Sibthorpii,</span> <span class='ocrx_word' id='word_1_78' title='bbox 766 1053 875 1094; x_wconf 88' lang='lat' dir='ltr'>adde</span> <span class='ocrx_word' id='word_1_79' title='bbox 897 1066 906 1094; x_wconf 76' lang='grc' dir='ltr'>ε</span> 
     </span>
    </p>
   </div>
   <div class='ocr_carea' id='block_1_6' title="bbox 341 1136 1897 1228">
    <p class='ocr_par' dir='ltr' id='par_1_6' title="bbox 341 1136 1897 1228">
     <span class='ocr_line' id='line_1_14' title="bbox 387 1136 1897 1181; baseline 0.001 -11"><span class='ocrx_word' id='word_1_80' title='bbox 387 1136 480 1171; x_wconf 89' lang='lat' dir='ltr'>Hab.</span> <span class='ocrx_word' id='word_1_81' title='bbox 500 1137 537 1170; x_wconf 89' lang='lat' dir='ltr'>in</span> <span class='ocrx_word' id='word_1_82' title='bbox 556 1137 688 1180; x_wconf 89' lang='lat' dir='ltr'>pinetis</span> <span class='ocrx_word' id='word_1_83' title='bbox 713 1137 843 1171; x_wconf 83' lang='lat' dir='ltr'>montis</span> <span class='ocrx_word' id='word_1_84' title='bbox 869 1136 1040 1181; x_wconf 88' lang='lat' dir='ltr'>Corydali</span> <span class='ocrx_word' id='word_1_85' title='bbox 1060 1141 1096 1172; x_wconf 88' lang='lat' dir='ltr'>et</span> <span class='ocrx_word' id='word_1_86' title='bbox 1122 1136 1170 1172; x_wconf 87' lang='lat' dir='ltr'>ad</span> <span class='ocrx_word' id='word_1_87' title='bbox 1195 1136 1336 1172; x_wconf 86' lang='lat' dir='ltr'>radices</span> <span class='ocrx_word' id='word_1_88' title='bbox 1365 1137 1496 1172; x_wconf 85' lang='lat' dir='ltr'>montis</span> <span class='ocrx_word' id='word_1_89' title='bbox 1522 1137 1674 1172; x_wconf 82' lang='lat' dir='ltr'>Pateras</span> <span class='ocrx_word' id='word_1_90' title='bbox 1695 1137 1840 1180; x_wconf 76' lang='lat' dir='ltr'>Atticae,</span> <span class='ocrx_word' id='word_1_91' title='bbox 1861 1138 1897 1172; x_wconf 92' lang='lat' dir='ltr'>in</span> 
     </span>
     <span class='ocr_line' id='line_1_15' title="bbox 341 1183 1034 1228; baseline 0 -10"><span class='ocrx_word' id='word_1_92' title='bbox 341 1189 463 1219; x_wconf 86' lang='lat' dir='ltr'>monte</span> <span class='ocrx_word' id='word_1_93' title='bbox 482 1184 534 1218; x_wconf 89' lang='lat' dir='ltr'>Za</span> <span class='ocrx_word' id='word_1_94' title='bbox 554 1184 681 1219; x_wconf 86' lang='lat' dir='ltr'>insulae</span> <span class='ocrx_word' id='word_1_95' title='bbox 701 1183 826 1219; x_wconf 87' lang='lat' dir='ltr'>Naxos</span> <span class='ocrx_word' id='word_1_96' title='bbox 848 1183 1034 1228; x_wconf 87' lang='lat' dir='ltr'>(Heldr.!).</span> 
     </span>
    </p>
   </div>
   <div class='ocr_carea' id='block_1_7' title="bbox 225 1311 1519 1439">
    <p class='ocr_par' dir='ltr' id='par_1_7' title="bbox 225 1311 1519 1439">
     <span class='ocr_line' id='line_1_16' title="bbox 225 1311 797 1361; baseline 0 -8"><span class='ocrx_word' id='word_1_97' title='bbox 225 1314 319 1361; x_wconf 87' lang='lat'>521,</span> <span class='ocrx_word' id='word_1_98' title='bbox 350 1312 404 1352; x_wconf 88' lang='grc' dir='ltr'>Τ.</span> <span class='ocrx_word' id='word_1_99' title='bbox 426 1311 635 1360; x_wconf 85' lang='lat' dir='ltr'>stricta,</span> <span class='ocrx_word' id='word_1_100' title='bbox 657 1311 766 1353; x_wconf 90' lang='lat' dir='ltr'>adde</span> <span class='ocrx_word' id='word_1_101' title='bbox 788 1323 797 1353; x_wconf 92' lang='lat'>:</span> 
     </span>
     <span class='ocr_line' id='line_1_17' title="bbox 387 1394 1519 1439; baseline -0.001 -10"><span class='ocrx_word' id='word_1_102' title='bbox 387 1394 481 1429; x_wconf 90' lang='lat' dir='ltr'>Hab.</span> <span class='ocrx_word' id='word_1_103' title='bbox 500 1395 537 1429; x_wconf 93' lang='lat' dir='ltr'>in</span> <span class='ocrx_word' id='word_1_104' title='bbox 557 1394 708 1429; x_wconf 90' lang='lat' dir='ltr'>collibus</span> <span class='ocrx_word' id='word_1_105' title='bbox 725 1394 832 1429; x_wconf 88' lang='lat' dir='ltr'>vallis</span> <span class='ocrx_word' id='word_1_106' title='bbox 851 1394 978 1438; x_wconf 84' lang='lat' dir='ltr'>Djimil</span> <span class='ocrx_word' id='word_1_107' title='bbox 997 1394 1103 1429; x_wconf 88' lang='lat' dir='ltr'>Ponti</span> <span class='ocrx_word' id='word_1_108' title='bbox 1118 1394 1241 1429; x_wconf 87' lang='lat' dir='ltr'>Lazici</span> <span class='ocrx_word' id='word_1_109' title='bbox 1258 1396 1362 1429; x_wconf 83' lang='lat'>6000&#39;</span> <span class='ocrx_word' id='word_1_110' title='bbox 1381 1394 1474 1439; x_wconf 87' lang='lat' dir='ltr'>(Bal.</span> <span class='ocrx_word' id='word_1_111' title='bbox 1486 1395 1519 1439; x_wconf 89' lang='lat'>!).</span> 
     </span>
    </p>
   </div>
   <div class='ocr_carea' id='block_1_8' title="bbox 224 1526 918 1578">
    <p class='ocr_par' dir='ltr' id='par_1_8' title="bbox 224 1526 918 1578">
     <span class='ocr_line' id='line_1_18' title="bbox 224 1526 918 1578; baseline -0.003 -9"><span class='ocrx_word' id='word_1_112' title='bbox 224 1530 319 1577; x_wconf 87' lang='lat'>522,</span> <span class='ocrx_word' id='word_1_113' title='bbox 350 1528 404 1568; x_wconf 87' lang='grc' dir='ltr'>Τ.</span> <span class='ocrx_word' id='word_1_114' title='bbox 426 1527 760 1578; x_wconf 73' lang='lat' dir='ltr'>pachyqona,</span> <span class='ocrx_word' id='word_1_115' title='bbox 783 1526 891 1568; x_wconf 90' lang='lat' dir='ltr'>adde</span> <span class='ocrx_word' id='word_1_116' title='bbox 910 1539 918 1567; x_wconf 90' lang='lat'><strong>:</strong></span> 
     </span>
    </p>
   </div>
   <div class='ocr_carea' id='block_1_9' title="bbox 344 1610 1896 1702">
    <p class='ocr_par' dir='ltr' id='par_1_9' title="bbox 344 1610 1896 1702">
     <span class='ocr_line' id='line_1_19' title="bbox 387 1610 1896 1656; baseline 0.001 -12"><span class='ocrx_word' id='word_1_117' title='bbox 387 1610 480 1645; x_wconf 88' lang='lat' dir='ltr'>Hah.</span> <span class='ocrx_word' id='word_1_118' title='bbox 501 1611 536 1645; x_wconf 94' lang='lat' dir='ltr'>in</span> <span class='ocrx_word' id='word_1_119' title='bbox 558 1615 679 1645; x_wconf 90' lang='lat' dir='ltr'>monte</span> <span class='ocrx_word' id='word_1_120' title='bbox 706 1610 869 1645; x_wconf 86' lang='lat' dir='ltr'>Troodos</span> <span class='ocrx_word' id='word_1_121' title='bbox 897 1611 1005 1656; x_wconf 87' lang='lat' dir='ltr'>Cypri</span> <span class='ocrx_word' id='word_1_122' title='bbox 1032 1610 1134 1655; x_wconf 86' lang='lat' dir='ltr'>(Sint.</span> <span class='ocrx_word' id='word_1_123' title='bbox 1159 1616 1195 1646; x_wconf 88' lang='lat' dir='ltr'>et</span> <span class='ocrx_word' id='word_1_124' title='bbox 1220 1611 1356 1655; x_wconf 87' lang='lat' dir='ltr'>Rigo!),</span> <span class='ocrx_word' id='word_1_125' title='bbox 1385 1610 1431 1646; x_wconf 86' lang='lat' dir='ltr'>ad</span> <span class='ocrx_word' id='word_1_126' title='bbox 1457 1610 1598 1645; x_wconf 83' lang='lat' dir='ltr'>radices</span> <span class='ocrx_word' id='word_1_127' title='bbox 1624 1610 1753 1645; x_wconf 88' lang='lat' dir='ltr'>Libani</span> <span class='ocrx_word' id='word_1_128' title='bbox 1780 1621 1896 1654; x_wconf 87' lang='lat' dir='ltr'>prope</span> 
     </span>
     <span class='ocr_line' id='line_1_20' title="bbox 344 1657 888 1702; baseline -0.002 -9"><span class='ocrx_word' id='word_1_129' title='bbox 344 1658 497 1694; x_wconf 88' lang='lat' dir='ltr'>Schtora</span> <span class='ocrx_word' id='word_1_130' title='bbox 516 1660 618 1692; x_wconf 77' lang='lat'>3300&#39;</span> <span class='ocrx_word' id='word_1_131' title='bbox 638 1657 841 1702; x_wconf 89' lang='lat' dir='ltr'>(Schweinf.</span> <span class='ocrx_word' id='word_1_132' title='bbox 854 1657 888 1701; x_wconf 92' lang='lat'>!).</span> 
     </span>
    </p>
   </div>
   <div class='ocr_carea' id='block_1_10' title="bbox 223 1788 833 1839">
    <p class='ocr_par' dir='ltr' id='par_1_10' title="bbox 223 1788 833 1839">
     <span class='ocr_line' id='line_1_21' title="bbox 223 1788 833 1839; baseline -0.002 -8"><span class='ocrx_word' id='word_1_133' title='bbox 223 1792 316 1839; x_wconf 89' lang='lat'>523,</span> <span class='ocrx_word' id='word_1_134' title='bbox 347 1790 400 1830; x_wconf 88' lang='lat' dir='ltr'>T.</span> <span class='ocrx_word' id='word_1_135' title='bbox 423 1789 670 1836; x_wconf 81' lang='lat' dir='ltr'>Arabica,</span> <span class='ocrx_word' id='word_1_136' title='bbox 693 1788 802 1830; x_wconf 85' lang='lat' dir='ltr'>adde</span> <span class='ocrx_word' id='word_1_137' title='bbox 825 1799 833 1828; x_wconf 94' lang='lat'><strong>:</strong></span> 
     </span>
    </p>
   </div>
   <div class='ocr_carea' id='block_1_11' title="bbox 386 1878 1894 1923">
    <p class='ocr_par' dir='ltr' id='par_1_11' title="bbox 386 1878 1894 1923">
     <span class='ocr_line' id='line_1_22' title="bbox 386 1878 1894 1923; baseline 0 -10"><span class='ocrx_word' id='word_1_138' title='bbox 386 1878 480 1916; x_wconf 84' lang='lat' dir='ltr'>Hab.</span> <span class='ocrx_word' id='word_1_139' title='bbox 500 1879 537 1913; x_wconf 92' lang='lat' dir='ltr'>in</span> <span class='ocrx_word' id='word_1_140' title='bbox 556 1878 711 1914; x_wconf 88' lang='lat' dir='ltr'>collibus</span> <span class='ocrx_word' id='word_1_141' title='bbox 730 1879 886 1923; x_wconf 89' lang='lat' dir='ltr'>petrosis</span> <span class='ocrx_word' id='word_1_142' title='bbox 905 1878 1110 1913; x_wconf 81' lang='lat' dir='ltr'>Palaestinae</span> <span class='ocrx_word' id='word_1_143' title='bbox 1127 1879 1222 1914; x_wconf 88' lang='lat' dir='ltr'>inter</span> <span class='ocrx_word' id='word_1_144' title='bbox 1236 1878 1466 1914; x_wconf 88' lang='lat' dir='ltr'>Tiberiadem</span> <span class='ocrx_word' id='word_1_145' title='bbox 1488 1884 1524 1914; x_wconf 88' lang='lat' dir='ltr'>et</span> <span class='ocrx_word' id='word_1_146' title='bbox 1538 1878 1647 1914; x_wconf 88' lang='lat' dir='ltr'>Safed</span> <span class='ocrx_word' id='word_1_147' title='bbox 1663 1878 1894 1923; x_wconf 86' lang='lat' dir='ltr'>(Letourn.!).</span> 
     </span>
    </p>
   </div>
   <div class='ocr_carea' id='block_1_12' title="bbox 219 1986 1894 2113">
    <p class='ocr_par' dir='ltr' id='par_1_12' title="bbox 219 1986 1894 2113">
     <span class='ocr_line' id='line_1_23' title="bbox 219 1986 1894 2059; baseline -0.001 -9"><span class='ocrx_word' id='word_1_148' title='bbox 219 2010 315 2057; x_wconf 86' lang='lat'>524,</span> <span class='ocrx_word' id='word_1_149' title='bbox 350 1986 666 2059; x_wconf 75' lang='lat' dir='ltr'>saponaria¹</span> <span class='ocrx_word' id='word_1_150' title='bbox 692 2008 1049 2048; x_wconf 78' lang='lat' dir='ltr'>Griifithiana.</span> <span class='ocrx_word' id='word_1_151' title='bbox 1089 2007 1315 2049; x_wconf 87' lang='lat' dir='ltr'>Radicibus</span> <span class='ocrx_word' id='word_1_152' title='bbox 1353 2008 1503 2049; x_wconf 90' lang='lat' dir='ltr'>crassis</span> <span class='ocrx_word' id='word_1_153' title='bbox 1545 2007 1730 2049; x_wconf 72' lang='lat' dir='ltr'>Zannah</span> <span class='ocrx_word' id='word_1_154' title='bbox 1772 2008 1894 2049; x_wconf 90' lang='lat' dir='ltr'>dictis</span> 
     </span>
     <span class='ocr_line' id='line_1_24' title="bbox 327 2059 1208 2113; baseline 0 -12"><span class='ocrx_word' id='word_1_155' title='bbox 327 2060 471 2102; x_wconf 84' lang='lat' dir='ltr'>incolae</span> <span class='ocrx_word' id='word_1_156' title='bbox 488 2061 655 2113; x_wconf 89' lang='lat' dir='ltr'>saponis</span> <span class='ocrx_word' id='word_1_157' title='bbox 674 2060 764 2102; x_wconf 92' lang='lat' dir='ltr'>loco</span> <span class='ocrx_word' id='word_1_158' title='bbox 783 2063 975 2101; x_wconf 88' lang='lat' dir='ltr'>utuntur.</span> <span class='ocrx_word' id='word_1_159' title='bbox 991 2084 1043 2089; x_wconf 92' lang='lat'>—-</span> <span class='ocrx_word' id='word_1_160' title='bbox 1061 2059 1180 2102; x_wconf 90' lang='lat' dir='ltr'>Adde</span> <span class='ocrx_word' id='word_1_161' title='bbox 1199 2073 1208 2102; x_wconf 80' lang='lat' dir='ltr'><em>z</em></span> 
     </span>
    </p>
   </div>
   <div class='ocr_carea' id='block_1_13' title="bbox 386 2148 1722 2193">
    <p class='ocr_par' dir='ltr' id='par_1_13' title="bbox 386 2148 1722 2193">
     <span class='ocr_line' id='line_1_25' title="bbox 386 2148 1722 2193; baseline -0.001 -10"><span class='ocrx_word' id='word_1_162' title='bbox 386 2148 479 2183; x_wconf 86' lang='lat' dir='ltr'>Hab.</span> <span class='ocrx_word' id='word_1_163' title='bbox 498 2149 535 2183; x_wconf 92' lang='lat' dir='ltr'>in</span> <span class='ocrx_word' id='word_1_164' title='bbox 553 2149 684 2192; x_wconf 85' lang='lat' dir='ltr'>pinetis</span> <span class='ocrx_word' id='word_1_165' title='bbox 704 2149 808 2183; x_wconf 86' lang='lat' dir='ltr'>siccis</span> <span class='ocrx_word' id='word_1_166' title='bbox 827 2148 933 2183; x_wconf 86' lang='lat' dir='ltr'>vallis</span> <span class='ocrx_word' id='word_1_167' title='bbox 950 2148 1087 2183; x_wconf 88' lang='lat' dir='ltr'>Kuram</span> <span class='ocrx_word' id='word_1_168' title='bbox 1108 2148 1312 2193; x_wconf 85' lang='lat' dir='ltr'>Affghaniae</span> <span class='ocrx_word' id='word_1_169' title='bbox 1332 2151 1435 2184; x_wconf 77' lang='lat'>8000‘</span> <span class='ocrx_word' id='word_1_170' title='bbox 1454 2149 1589 2193; x_wconf 88' lang='lat' dir='ltr'>(Aitch.</span> <span class='ocrx_word' id='word_1_171' title='bbox 1611 2151 1678 2184; x_wconf 87' lang='grc'>526</span> <span class='ocrx_word' id='word_1_172' title='bbox 1689 2150 1722 2192; x_wconf 88' lang='lat'>!).</span> 
     </span>
    </p>
   </div>
   <div class='ocr_carea' id='block_1_14' title="bbox 218 2262 1140 2314">
    <p class='ocr_par' dir='ltr' id='par_1_14' title="bbox 218 2262 1140 2314">
     <span class='ocr_line' id='line_1_26' title="bbox 218 2262 1140 2314; baseline -0.001 -10"><span class='ocrx_word' id='word_1_173' title='bbox 218 2265 314 2312; x_wconf 88' lang='grc'>527,</span> <span class='ocrx_word' id='word_1_174' title='bbox 344 2264 440 2314; x_wconf 90' lang='lat' dir='ltr'>post</span> <span class='ocrx_word' id='word_1_175' title='bbox 463 2262 516 2302; x_wconf 89' lang='lat' dir='ltr'>S.</span> <span class='ocrx_word' id='word_1_176' title='bbox 540 2262 953 2313; x_wconf 84' lang='lat' dir='ltr'>Pamphylicam</span> <span class='ocrx_word' id='word_1_177' title='bbox 972 2262 1109 2303; x_wconf 91' lang='lat' dir='ltr'>insere</span> <span class='ocrx_word' id='word_1_178' title='bbox 1131 2275 1140 2303; x_wconf 74' lang='grc' dir='ltr'>ε</span> 
     </span>
    </p>
   </div>
   <div class='ocr_carea' id='block_1_15' title="bbox 324 2345 1896 2873">
    <p class='ocr_par' dir='ltr' id='par_1_15' title="bbox 324 2345 1896 2873">
     <span class='ocr_line' id='line_1_27' title="bbox 380 2345 1895 2399; baseline 0.001 -12"><span class='ocrx_word' id='word_1_179' title='bbox 380 2347 434 2387; x_wconf 89' lang='lat' dir='ltr'>S.</span> <span class='ocrx_word' id='word_1_180' title='bbox 456 2347 654 2398; x_wconf 84' lang='lat' dir='ltr'>Cypria</span> <span class='ocrx_word' id='word_1_181' title='bbox 683 2346 832 2396; x_wconf 89' lang='lat' dir='ltr'>(Boiss.</span> <span class='ocrx_word' id='word_1_182' title='bbox 854 2347 897 2387; x_wconf 91' lang='lat' dir='ltr'>in</span> <span class='ocrx_word' id='word_1_183' title='bbox 925 2345 1031 2388; x_wconf 84' lang='lat' dir='ltr'>Sint.</span> <span class='ocrx_word' id='word_1_184' title='bbox 1063 2351 1106 2387; x_wconf 91' lang='lat' dir='ltr'>et</span> <span class='ocrx_word' id='word_1_185' title='bbox 1133 2347 1239 2399; x_wconf 89' lang='lat' dir='ltr'>Rigo</span> <span class='ocrx_word' id='word_1_186' title='bbox 1267 2347 1324 2399; x_wconf 90' lang='lat' dir='ltr'>pl.</span> <span class='ocrx_word' id='word_1_187' title='bbox 1347 2346 1494 2399; x_wconf 88' lang='lat' dir='ltr'>Cypr.)</span> <span class='ocrx_word' id='word_1_188' title='bbox 1518 2346 1747 2388; x_wconf 89' lang='lat' dir='ltr'>rhizomate</span> <span class='ocrx_word' id='word_1_189' title='bbox 1778 2348 1895 2388; x_wconf 87' lang='lat' dir='ltr'>tenui</span> 
     </span>
     <span class='ocr_line' id='line_1_28' title="bbox 328 2398 1894 2452; baseline 0 -12"><span class='ocrx_word' id='word_1_190' title='bbox 328 2399 565 2441; x_wconf 89' lang='lat' dir='ltr'>caudiculos</span> <span class='ocrx_word' id='word_1_191' title='bbox 598 2411 753 2451; x_wconf 91' lang='lat' dir='ltr'>paucos</span> <span class='ocrx_word' id='word_1_192' title='bbox 783 2399 1002 2440; x_wconf 86' lang='lat' dir='ltr'>rosulatim</span> <span class='ocrx_word' id='word_1_193' title='bbox 1030 2398 1196 2441; x_wconf 89' lang='lat' dir='ltr'>foliosos</span> <span class='ocrx_word' id='word_1_194' title='bbox 1229 2400 1451 2452; x_wconf 89' lang='lat' dir='ltr'>caulesque</span> <span class='ocrx_word' id='word_1_195' title='bbox 1486 2398 1688 2440; x_wconf 84' lang='lat' dir='ltr'>floriferos</span> <span class='ocrx_word' id='word_1_196' title='bbox 1717 2400 1894 2452; x_wconf 87' lang='lat' dir='ltr'>pumilos</span> 
     </span>
     <span class='ocr_line' id='line_1_29' title="bbox 327 2451 1896 2501; baseline 0 -8"><span class='ocrx_word' id='word_1_197' title='bbox 327 2452 524 2493; x_wconf 88' lang='lat' dir='ltr'>unifloros</span> <span class='ocrx_word' id='word_1_198' title='bbox 544 2453 609 2493; x_wconf 91' lang='lat' dir='ltr'>vel</span> <span class='ocrx_word' id='word_1_199' title='bbox 628 2452 813 2493; x_wconf 87' lang='lat' dir='ltr'>breviter</span> <span class='ocrx_word' id='word_1_200' title='bbox 840 2455 883 2493; x_wconf 91' lang='lat' dir='ltr'>et</span> <span class='ocrx_word' id='word_1_201' title='bbox 910 2463 1122 2493; x_wconf 88' lang='lat' dir='ltr'>racemose</span> <span class='ocrx_word' id='word_1_202' title='bbox 1147 2451 1358 2494; x_wconf 85' lang='lat' dir='ltr'>2-3-floros</span> <span class='ocrx_word' id='word_1_203' title='bbox 1384 2452 1549 2501; x_wconf 84' lang='lat' dir='ltr'>edente,</span> <span class='ocrx_word' id='word_1_204' title='bbox 1571 2451 1678 2493; x_wconf 84' lang='lat' dir='ltr'>foliis</span> <span class='ocrx_word' id='word_1_205' title='bbox 1703 2452 1896 2493; x_wconf 86' lang='lat' dir='ltr'>radicali-</span> 
     </span>
     <span class='ocr_line' id='line_1_30' title="bbox 327 2504 1895 2557; baseline 0.001 -12"><span class='ocrx_word' id='word_1_206' title='bbox 327 2505 405 2546; x_wconf 93' lang='lat' dir='ltr'>bus</span> <span class='ocrx_word' id='word_1_207' title='bbox 435 2504 725 2557; x_wconf 85' lang='lat' dir='ltr'>glabriusculis</span> <span class='ocrx_word' id='word_1_208' title='bbox 753 2504 1203 2557; x_wconf 87' lang='lat' dir='ltr'>oblongo—spathulatis</span> <span class='ocrx_word' id='word_1_209' title='bbox 1233 2505 1392 2546; x_wconf 88' lang='lat' dir='ltr'>obtusis</span> <span class='ocrx_word' id='word_1_210' title='bbox 1421 2505 1463 2546; x_wconf 90' lang='lat' dir='ltr'>in</span> <span class='ocrx_word' id='word_1_211' title='bbox 1519 2505 1690 2546; x_wconf 90' lang='lat' dir='ltr'>etiolum</span> <span class='ocrx_word' id='word_1_212' title='bbox 1719 2505 1776 2545; x_wconf 86' lang='lat' dir='ltr'>eis</span> <span class='ocrx_word' id='word_1_213' title='bbox 1802 2505 1895 2546; x_wconf 88' lang='lat' dir='ltr'>bre-</span> 
     </span>
     <span class='ocr_line' id='line_1_31' title="bbox 328 2557 1894 2609; baseline 0.001 -11"><span class='ocrx_word' id='word_1_214' title='bbox 328 2559 484 2599; x_wconf 86' lang='lat' dir='ltr'>viorem</span> <span class='ocrx_word' id='word_1_215' title='bbox 505 2558 749 2606; x_wconf 86' lang='lat' dir='ltr'>attenuatis,</span> <span class='ocrx_word' id='word_1_216' title='bbox 773 2557 946 2598; x_wconf 87' lang='lat' dir='ltr'>caulinis</span> <span class='ocrx_word' id='word_1_217' title='bbox 966 2561 1009 2598; x_wconf 87' lang='lat' dir='ltr'>et</span> <span class='ocrx_word' id='word_1_218' title='bbox 1033 2557 1245 2599; x_wconf 87' lang='lat' dir='ltr'>floralibus</span> <span class='ocrx_word' id='word_1_219' title='bbox 1271 2558 1443 2599; x_wconf 89' lang='lat' dir='ltr'>minutis</span> <span class='ocrx_word' id='word_1_220' title='bbox 1469 2569 1492 2598; x_wconf 93' lang='lat'>0</span> <span class='ocrx_word' id='word_1_221' title='bbox 1524 2558 1894 2609; x_wconf 86' lang='lat' dir='ltr'>longo-linearibus</span> 
     </span>
     <span class='ocr_line' id='line_1_32' title="bbox 328 2610 1894 2663; baseline 0.001 -12"><span class='ocrx_word' id='word_1_222' title='bbox 328 2614 377 2651; x_wconf 88' lang='lat' dir='ltr'>ut</span> <span class='ocrx_word' id='word_1_223' title='bbox 407 2614 451 2651; x_wconf 90' lang='lat' dir='ltr'>et</span> <span class='ocrx_word' id='word_1_224' title='bbox 481 2610 706 2662; x_wconf 90' lang='lat' dir='ltr'>pedunculi</span> <span class='ocrx_word' id='word_1_225' title='bbox 739 2616 781 2651; x_wconf 86' lang='lat' dir='ltr'>et</span> <span class='ocrx_word' id='word_1_226' title='bbox 816 2610 977 2663; x_wconf 88' lang='lat' dir='ltr'>calyces</span> <span class='ocrx_word' id='word_1_227' title='bbox 1009 2610 1446 2662; x_wconf 86' lang='lat' dir='ltr'>glanduloso-hirsutis</span> <span class='ocrx_word' id='word_1_228' title='bbox 1479 2610 1658 2658; x_wconf 90' lang='lat' dir='ltr'>viscidis‚</span> <span class='ocrx_word' id='word_1_229' title='bbox 1722 2610 1894 2652; x_wconf 86' lang='lat' dir='ltr'>edicello</span> 
     </span>
     <span class='ocr_line' id='line_1_33' title="bbox 326 2662 1895 2715; baseline 0.001 -12"><span class='ocrx_word' id='word_1_230' title='bbox 326 2663 493 2715; x_wconf 89' lang='lat' dir='ltr'>proprio</span> <span class='ocrx_word' id='word_1_231' title='bbox 513 2662 624 2704; x_wconf 86' lang='lat' dir='ltr'>floris</span> <span class='ocrx_word' id='word_1_232' title='bbox 642 2663 901 2711; x_wconf 88' lang='lat' dir='ltr'>brevissimo,</span> <span class='ocrx_word' id='word_1_233' title='bbox 924 2663 1074 2715; x_wconf 91' lang='lat' dir='ltr'>calycis</span> <span class='ocrx_word' id='word_1_234' title='bbox 1094 2663 1216 2715; x_wconf 86' lang='lat' dir='ltr'>longe</span> <span class='ocrx_word' id='word_1_235' title='bbox 1237 2662 1449 2715; x_wconf 88' lang='lat' dir='ltr'>cylindrici</span> <span class='ocrx_word' id='word_1_236' title='bbox 1471 2663 1665 2704; x_wconf 81' lang='lat' dir='ltr'>dentibus</span> <span class='ocrx_word' id='word_1_237' title='bbox 1707 2663 1895 2704; x_wconf 90' lang='lat' dir='ltr'>anceola-</span> 
     </span>
     <span class='ocr_line' id='line_1_34' title="bbox 328 2715 1896 2768; baseline 0 -12"><span class='ocrx_word' id='word_1_238' title='bbox 328 2716 381 2756; x_wconf 84' lang='lat' dir='ltr'>tis</span> <span class='ocrx_word' id='word_1_239' title='bbox 410 2715 615 2767; x_wconf 86' lang='lat' dir='ltr'>elongatis</span> <span class='ocrx_word' id='word_1_240' title='bbox 638 2716 786 2764; x_wconf 88' lang='lat' dir='ltr'>acutis,</span> <span class='ocrx_word' id='word_1_241' title='bbox 814 2715 1050 2767; x_wconf 88' lang='lat' dir='ltr'>petalorum</span> <span class='ocrx_word' id='word_1_242' title='bbox 1074 2716 1284 2768; x_wconf 90' lang='lat' dir='ltr'>unguibus</span> <span class='ocrx_word' id='word_1_243' title='bbox 1303 2716 1572 2763; x_wconf 81' lang='lat' dir='ltr'>subexsertis,</span> <span class='ocrx_word' id='word_1_244' title='bbox 1601 2716 1756 2756; x_wconf 78' lang='lat' dir='ltr'>lamina</span> <span class='ocrx_word' id='word_1_245' title='bbox 1775 2717 1896 2756; x_wconf 82' lang='lat' dir='ltr'>rosea</span> 
     </span>
     <span class='ocr_line' id='line_1_35' title="bbox 324 2767 1891 2861; baseline 0.001 -53"><span class='ocrx_word' id='word_1_246' title='bbox 324 2768 529 2861; x_wconf 73' lang='lat' dir='ltr'>bipartlita</span> <span class='ocrx_word' id='word_1_247' title='bbox 571 2767 870 2820; x_wconf 88' lang='lat' dir='ltr'>appendicibus</span> <span class='ocrx_word' id='word_1_248' title='bbox 909 2768 1052 2817; x_wconf 90' lang='lat' dir='ltr'>nullis,</span> <span class='ocrx_word' id='word_1_249' title='bbox 1098 2770 1238 2810; x_wconf 85' lang='lat' dir='ltr'>ovario</span> <span class='ocrx_word' id='word_1_250' title='bbox 1281 2769 1394 2810; x_wconf 89' lang='lat' dir='ltr'>intra</span> <span class='ocrx_word' id='word_1_251' title='bbox 1437 2768 1621 2821; x_wconf 88' lang='lat' dir='ltr'>calycem</span> <span class='ocrx_word' id='word_1_252' title='bbox 1663 2768 1891 2817; x_wconf 89' lang='lat' dir='ltr'>subsessili,</span> 
     </span>
     <span class='ocr_line' id='line_1_36' title="bbox 327 2822 672 2873; baseline 0 -11"><span class='ocrx_word' id='word_1_253' title='bbox 327 2832 457 2873; x_wconf 88' lang='lat' dir='ltr'>capsu</span> <span class='ocrx_word' id='word_1_254' title='bbox 475 2822 500 2860; x_wconf 77' lang='lat' dir='ltr'>a</span> <span class='ocrx_word' id='word_1_255' title='bbox 504 2852 584 2862; x_wconf 92' lang='grc'><strong>.....</strong></span> <span class='ocrx_word' id='word_1_256' title='bbox 614 2824 672 2868; x_wconf 70' lang='lat' dir='ltr'>Q.</span> 
     </span>
    </p>
   </div>
   <div class='ocr_carea' id='block_1_16' title="bbox 386 2891 1894 2998">
    <p class='ocr_par' dir='ltr' id='par_1_16' title="bbox 386 2891 1894 2998">
     <span class='ocr_line' id='line_1_37' title="bbox 386 2891 1827 2937; baseline 0 -11"><span class='ocrx_word' id='word_1_257' title='bbox 386 2891 479 2926; x_wconf 89' lang='lat' dir='ltr'>Hab.</span> <span class='ocrx_word' id='word_1_258' title='bbox 499 2892 536 2926; x_wconf 93' lang='lat' dir='ltr'>in</span> <span class='ocrx_word' id='word_1_259' title='bbox 551 2897 672 2927; x_wconf 86' lang='lat' dir='ltr'>monte</span> <span class='ocrx_word' id='word_1_260' title='bbox 689 2892 851 2927; x_wconf 85' lang='lat' dir='ltr'>Troodos</span> <span class='ocrx_word' id='word_1_261' title='bbox 872 2893 979 2937; x_wconf 88' lang='lat' dir='ltr'>Cypri</span> <span class='ocrx_word' id='word_1_262' title='bbox 996 2893 1092 2927; x_wconf 84' lang='lat' dir='ltr'>circa</span> <span class='ocrx_word' id='word_1_263' title='bbox 1112 2892 1310 2927; x_wconf 90' lang='lat' dir='ltr'>Prodromo</span> <span class='ocrx_word' id='word_1_264' title='bbox 1333 2891 1434 2936; x_wconf 85' lang='lat' dir='ltr'>(Sint.</span> <span class='ocrx_word' id='word_1_265' title='bbox 1455 2898 1490 2927; x_wconf 86' lang='lat' dir='ltr'>et</span> <span class='ocrx_word' id='word_1_266' title='bbox 1508 2892 1601 2936; x_wconf 88' lang='lat' dir='ltr'>Rigo</span> <span class='ocrx_word' id='word_1_267' title='bbox 1622 2903 1696 2927; x_wconf 87' lang='lat' dir='ltr'>exs.</span> <span class='ocrx_word' id='word_1_268' title='bbox 1715 2894 1781 2927; x_wconf 91' lang='grc'>767</span> <span class='ocrx_word' id='word_1_269' title='bbox 1793 2894 1827 2935; x_wconf 80' lang='lat'>!).</span> 
     </span>
     <span class='ocr_line' id='line_1_38' title="bbox 388 2953 1894 2998; baseline -0.001 -10"><span class='ocrx_word' id='word_1_270' title='bbox 388 2954 493 2988; x_wconf 89' lang='lat' dir='ltr'>Folia</span> <span class='ocrx_word' id='word_1_271' title='bbox 510 2953 685 2989; x_wconf 87' lang='lat' dir='ltr'>radicalia</span> <span class='ocrx_word' id='word_1_272' title='bbox 707 2965 785 2989; x_wconf 90' lang='lat' dir='ltr'>cum</span> <span class='ocrx_word' id='word_1_273' title='bbox 805 2954 941 2998; x_wconf 88' lang='lat' dir='ltr'>petiolo</span> <span class='ocrx_word' id='word_1_274' title='bbox 961 2955 1041 2988; x_wconf 81' lang='lat'>9-11</span> <span class='ocrx_word' id='word_1_275' title='bbox 1065 2954 1126 2988; x_wconf 91' lang='lat' dir='ltr'>lin.</span> <span class='ocrx_word' id='word_1_276' title='bbox 1148 2954 1256 2998; x_wconf 87' lang='lat' dir='ltr'>longa</span> <span class='ocrx_word' id='word_1_277' title='bbox 1275 2956 1334 2988; x_wconf 89' lang='lat'>2-3</span> <span class='ocrx_word' id='word_1_278' title='bbox 1355 2954 1442 2988; x_wconf 86' lang='lat' dir='ltr'>lata.</span> <span class='ocrx_word' id='word_1_279' title='bbox 1464 2954 1594 2989; x_wconf 89' lang='lat' dir='ltr'>Caules</span> <span class='ocrx_word' id='word_1_280' title='bbox 1616 2953 1894 2997; x_wconf 87' lang='lat' dir='ltr'>1-2-pollicares.</span> 
     </span>
    </p>
   </div>
  </div>
 </body>
</html>
