2115 3250
214 191 440 238 Astra-(Jahn.
932 200 1185 226 LEGufflNOSAE.
1819 190 1887 224 187

214 271 285 306 Pag.

216 327 308 375 435,

215 563 307 609 442,

213 797 305 843 455,

214 1729 308 1775 457,

340 326 400 364 A.
424 323 767 372 Heldreichii,
791 322 898 364 adde
919 336 927 364 :

380 412 473 448 Hab.
490 413 527 448 in
543 422 680 447 summo
699 416 821 447 monte
840 411 905 455 ‚Ida
921 411 1075 446 Troadis
1090 411 1194 456 (Sint.
1215 413 1282 445 432
1294 413 1328 454 ἱ).

340 561 399 601 A.
421 560 680 609 incertus,
703 558 811 600 adde
833 572 841 601 :

381 647 474 682 Hab.
494 647 530 682 in
550 646 801 691 Daghestania
818 646 1016 691 (Beckeri).

336 797 432 847 post
450 795 511 835 A.
534 797 936 845 catacamptum
955 793 1093 835 insere
1114 806 1123 835 ε

374 882 434 922 A.
456 882 804 932 pentanthUS,
827 881 1025 933 adpresse
1046 881 1420 932 strigilloso-canw
1443 880 1696 922 subacaulis.
1721 881 1894 923 caudice

317 934 434 975 brevi
452 934 703 986 pluricepiti,
732 934 896 986 stipulis
922 934 1094 974 minutis
1127 933 1460 985 triangularibus
1488 934 1637 982 acutis,
1667 933 1775 975 foliis
1800 935 1892 975 bre-

320 986 439 1027 vibus
464 986 676 1038 4-5-jugis‚
705 986 853 1027 foliolis
885 986 1275 1038 oblongo-ellipticis
1308 987 1350 1027 in
1382 986 1629 1038 petiolulum
1661 988 1893 1028 attenuatis

321 1040 468 1088 acutis,
491 1039 674 1091 capitulo
696 1039 822 1080 denso
844 1038 1074 1088 5-10-flor0,
1097 1039 1279 1080 bracteis
1299 1039 1471 1080 minutis
1491 1039 1735 1080 lanceolatis
1756 1040 1893 1092 nigro-

320 1092 462 1144 pilosis
489 1091 738 1144 pedicellum
762 1091 1053 1133 brevissimum
1086 1092 1399 1140 excedentibus,
1436 1092 1587 1144 calycis
1619 1092 1894 1134 ebracteolati

319 1145 503 1186 tubulosi
522 1145 616 1197 pilis
636 1144 779 1197 paucis
800 1145 904 1185 albis
925 1145 1176 1186 intermixtis
1197 1145 1411 1196 atropilosi
1432 1145 1627 1185 dentibus
1650 1145 1894 1186 lanceolatis

320 1197 422 1238 tubo
442 1198 591 1249 quintu
623 1198 661 1238 lo
679 1197 954 1246 brevioribus,
976 1198 1124 1238 vexillo
1145 1198 1285 1250 calyce
1304 1198 1433 1239 tertia
1456 1201 1578 1250 parte
1597 1198 1784 1250 longiore
1805 1199 1894 1239 alas

319 1250 517 1291 indivisas
548 1262 596 1291 su
629 1250 869 1299 excedente,
907 1251 1046 1291 ovario
1082 1251 1274 1303 stipitato
1309 1250 1656 1303 oblongo-lineari
1691 1251 1819 1292 dense
1851 1254 1894 1292 et

318 1303 442 1355 longe
462 1303 722 1355 albo-piloso,
745 1303 956 1355 legumine
961 1335 1040 1344 .....
1070 1307 1110 1351 Ql

379 1373 473 1407 Hab.
493 1373 530 1407 in
550 1373 702 1408 desertis
727 1374 862 1408 Persiae
880 1373 1008 1408 mediae
1028 1383 1143 1417 prope
1161 1372 1354 1408 Hamadan
1374 1373 1534 1415 (Pichler
1544 1373 1579 1418 1).

380 1437 510 1471 Caules
530 1447 610 1470 cum
630 1436 835 1480 pedunculo
855 1437 1024 1480 pollicari
1045 1437 1374 1481 sesquipollicares,
1396 1437 1484 1471 folia
1503 1437 1735 1480 bipollicaria
1757 1437 1894 1472 foliolis

331 1486 392 1518 4-5
412 1484 527 1518 lineas
547 1484 675 1528 longis,
697 1484 802 1528 calyx
824 1489 998 1528 angustus
1024 1487 1044 1518 7
1070 1485 1197 1527 lineas,
1223 1485 1397 1519 vexillum
1426 1484 1685 1519 subrecurvum
1712 1487 1750 1518 11
1777 1485 1893 1519 lineas

332 1531 490 1575 longum.
512 1530 565 1565 Ob
588 1531 745 1576 calycem
764 1531 1052 1566 ebracteolatum
1075 1542 1147 1566 non
1168 1534 1264 1566 inter
1288 1532 1482 1575 Proselios,
1510 1531 1573 1566 sed
1596 1542 1712 1575 prope
1736 1531 1783 1566 A.
1804 1543 1892 1566 ana-

334 1582 514 1622 camptum
534 1582 570 1613 et
585 1579 633 1613 A.
649 1583 912 1622 catacamptum
931 1579 967 1613 in
987 1579 1146 1614 sectione
1165 1580 1362 1614 Erioceras
1380 1579 1525 1613 militat.

338 1729 433 1778 post
453 1727 512 1766 A.
535 1727 910 1768 testiculatum
929 1727 1066 1768 insere
1088 1740 1097 1768 ;

375 1814 435 1853 A.
448 1814 771 1854 microrchis
786 1814 932 1867 (Bai-b.
949 1814 1060 1855 Bull.
1077 1813 1170 1855 Soc.
1182 1814 1320 1855 Vaud.
1339 1814 1405 1856 Sc.
1421 1813 1522 1855 Nat.
1538 1817 1654 1863 1885,
1668 1827 1709 1867 p.
1724 1814 1818 1866 221)
1833 1819 1893 1856 to-

321 1869 389 1907 tus
403 1866 601 1918 adpresse
614 1867 794 1908 sericeus
810 1879 1011 1920 argyreus
1023 1867 1179 1908 acaulis
1192 1868 1448 1919 caespitosus‚
1462 1867 1714 1909 rhizomates
1729 1868 1895 1909 urculos

321 1924 468 1960 tenues
483 1919 649 1968 edente,
667 1920 832 1972 stipulis
849 1920 1015 1961 sericeis
1030 1924 1210 1971 anguste
1223 1920 1721 1972 lanceolato-cuspidatis,
1740 1921 1894 1972 petiolo

320 1972 437 2012 tenui
456 1972 729 2024 longiuscuIO,
753 1972 901 2013 foliolis
925 1976 1042 2014 15-19
1069 1973 1209 2025 parvis
1235 1973 1494 2025 petiolulatis
1522 1973 1739 2025 oblongo-s
1772 1973 1896 2014 athu-

320 2024 418 2065 latis
438 2026 753 2077 approximatis,
776 2025 946 2066 floribus
973 2026 1124 2067 2-5-nis
1151 2025 1205 2066 ad
1232 2026 1378 2066 axillas
1403 2026 1648 2067 brevissime
1673 2039 1726 2078 pe
1758 2026 1895 2067 icella-

323 2078 391 2126 tis‚
419 2077 601 2118 bracteis
632 2078 838 2119 subulatis
870 2078 1072 2131 pedicello
1104 2079 1170 2119 vix
1203 2079 1475 2131 longioribus,
1511 2079 1663 2132 calycis
1697 2079 1896 2131 adpresse

322 2130 588 2182 albo-hispidi
614 2131 797 2172 tubulosi
834 2131 1029 2172 dentibus
1059 2131 1265 2172 subulatis
1298 2132 1400 2173 tubo
1433 2132 1602 2172 dimidio
1631 2132 1892 2184 aequilongis,

323 2183 471 2224 vexillo
491 2183 637 2235 glabro
658 2184 1002 2236 oblongo-lineari
1019 2184 1159 2237 calyce
1180 2184 1306 2236 duplo
1321 2184 1523 2236 longiore,
1541 2185 1751 2236 legumine
1769 2185 1898 2225 dense

323 2240 365 2276 et
396 2235 595 2288 adpresse
626 2236 902 2277 albo-hirsuto
934 2237 1394 2290 ovato-subcompresso
1432 2237 1613 2289 abrupte
1650 2241 1693 2278 et
1731 2238 1897 2290 oblique

322 2292 567 2329 mucronato
588 2289 771 2342 calycem
792 2289 934 2330 fissum
955 2290 1022 2330 vix
1042 2289 1270 2331 excedente
1297 2294 1356 2337 Ωι.

379 2358 472 2393 Hab.
492 2359 528 2393 in
549 2369 686 2394 summo
702 2360 793 2404 jugo
812 2360 906 2394 inter
926 2360 1170 2403 Tcheipulzar
1188 2365 1224 2395 et
1250 2361 1371 2394 Makri
1391 2361 1511 2405 Lyciae
1534 2361 1663 2397 (Pichl.
1686 2371 1760 2395 exs.
1782 2361 1895 2405 2342).

381 2422 487 2456 Folia
512 2424 570 2457 2-3
602 2423 765 2467 pollices,
791 2423 918 2458 foliola
944 2426 964 2458 3
987 2424 1101 2458 lineas
1130 2424 1251 2468 longa,
1277 2423 1385 2458 flores
1414 2424 1614 2458 emarcidos
1640 2429 1780 2458 tantum
1810 2424 1895 2467 vidi,

334 2468 398 2503 sed
415 2471 475 2503 7-8
495 2469 609 2504 lineas
629 2470 727 2514 longi
747 2481 825 2505 esse
842 2470 1022 2505 videntur.
1042 2472 1227 2515 Legumen
1243 2473 1265 2505 4
1283 2471 1399 2505 lineas
1416 2471 1562 2515 longum
1585 2474 1605 2504 2
1624 2470 1657 2513 ¹s2
1682 2472 1796 2505 latum
1818 2482 1895 2505 cus-

334 2515 419 2559 pide
441 2516 573 2551 lineam
601 2517 720 2561 longa.
747 2517 879 2552 Affinis
904 2518 952 2553 A.
978 2518 1106 2552 humili
1135 2523 1170 2552 et
1202 2518 1409 2553 testiculato
1443 2529 1464 2552 a
1491 2518 1620 2562 quibus
1651 2518 1773 2553 differt
1799 2518 1896 2561 pube

334 2563 448 2597 multo
468 2563 698 2607 adpressiore
715 2565 865 2608 sericea,
883 2564 1064 2609 legumine
1085 2566 1223 2600 sericeo
1250 2576 1317 2600 nec
1341 2565 1451 2600 dense
1477 2565 1706 2600 albo-lanato
1732 2565 1895 2600 subcom—

334 2620 460 2654 presso
479 2616 514 2645 et
531 2611 674 2655 longius
691 2611 892 2655 cuspidato.

217 2753 310 2801 469,
342 2752 401 2791 Α.
427 2752 675 2802 Cyprius,
697 2751 806 2793 adde
828 2765 837 2793 ε

382 2839 477 2874 Hab.
497 2840 533 2874 in
553 2840 734 2876 montibus
754 2851 869 2885 prope
886 2841 1063 2887 Kythraea
1080 2842 1190 2887 Cypri
1209 2842 1313 2887 (Sint.
1332 2847 1368 2877 et
1381 2842 1474 2886 Rigo
1495 2842 1608 2886 4301).

383 2903 584 2947 Legumina
601 2904 636 2938 in
654 2914 762 2947 scapo
789 2904 1049 2948 procumbente
1072 2910 1194 2940 erecta
1224 2905 1717 2950 cylindrico-subcompressa
1736 2905 1896 2940 breviter

337 2955 550 2985 mucronata
567 2951 626 2985 vix
646 2957 796 2986 curvata
816 2951 989 2996 adpresse
1008 2952 1147 2987 hirtula
1167 2954 1227 2987 8·9
1247 2953 1361 2987 lineas
1379 2953 1488 2997 longa
1511 2956 1527 2987 l
1542 2952 1578 2992 ¹³l⁴
1604 2953 1690 2987 lata.
