2115 3250
183 228 401 275 Phaynalon.
910 237 1137 263 composa-m.
1791 226 1859 262 293

180 311 250 345 Pag.

285 363 391 404 foliis
419 363 605 404 obovatis
631 361 1022 414 elliptico-oblongis
1042 362 1298 414 summisque
1329 361 1556 403 linearibus
1588 362 1764 413 integris
1794 362 1858 403 vel

284 416 468 457 obsolete
487 416 662 457 sinuatis
683 414 844 455 inferne
872 415 1111 465 angustatis
1137 414 1365 463 sessilibus,
1396 415 1590 466 capitulis
1612 414 1855 456 axillaribus

286 475 328 509 et
347 468 636 510 terminalibus
662 467 969 520 pedunculatis‚
992 467 1193 508 involucri
1221 467 1373 519 phyllis
1400 468 1582 508 externis
1610 468 1857 508 tomentosis

285 521 473 572 oblongis
500 521 541 561 in
568 519 782 572 cuspidem
807 518 1086 560 subreflexam
1112 520 1291 572 abrupte
1318 520 1564 568 attenuatis,
1587 521 1858 561 interioribus

285 574 442 626 glabris
460 573 686 614 linearibus
707 572 958 613 acuminatis
985 575 1043 619 91.

343 645 435 679 Hab.
456 646 492 679 in
510 645 606 679 valle
625 644 762 678 Kuram
783 643 990 687 Affghaniae
1012 643 1143 686 (Aitch.
1162 644 1246 677 229!
1265 649 1301 678 et
1322 645 1390 677 404
1401 643 1436 687 !).

343 710 459 744 Valde
474 709 583 744 affine
603 709 670 743 Ph.
691 709 902 743 acuminato
916 708 962 742 ad
976 708 1126 742 Alikhel
1142 707 1347 752 ffffghaniae
1368 719 1511 752 quoque
1528 709 1706 743 crescenti
1721 709 1863 744 <Aitch.

297 758 395 791 5641)
418 762 453 791 et
473 756 569 800 quod
587 757 695 790 ramis
716 756 888 799 proceris,
910 755 1006 790 foliis
1023 755 1223 799 majoribus
1249 766 1360 799 supra
1379 755 1704 799 glabrescentibus,
1724 756 1860 800 phyllis

296 803 460 838 omnibus
480 803 658 838 subulatis
680 803 813 837 differt.

177 933 268 979 224,
291 935 386 983 post
405 943 535 983 genus
556 931 893 971 Antennaria
913 931 1050 972 insere
1070 943 1226 983 genera
1245 944 1253 972 :

243 1056 694 1106 LEONTOPODIUM
721 1056 794 1123 (R.
822 1056 893 1105 Br.
921 1057 966 1105 in
992 1057 1143 1106 Trans.
1164 1056 1290 1106 Linn.
1319 1057 1412 1106 Soc.
1440 1057 1547 1119 XII,
1575 1074 1617 1121 p.
1652 1056 1786 1123 124).

336 1177 533 1230 Capitula
558 1177 819 1219 unisexualia
838 1178 901 1218 vel
923 1177 1167 1230 androgyna
1187 1179 1378 1219 monoica
1398 1179 1463 1219 vel
1482 1178 1713 1220 subdioica.
1736 1178 1856 1220 Invo-

283 1231 442 1271 lucrum
464 1230 730 1272 imbricatum
748 1230 899 1283 phyllis
915 1231 1218 1271 multiseriatis.
1236 1230 1417 1272 Flosculi
1435 1232 1662 1273 exteriores
1683 1232 1859 1284 plurise-

282 1284 379 1324 riati
399 1282 566 1324 feminei
586 1283 815 1331 filiformes,
839 1283 940 1324 disci
961 1283 1293 1335 hcrmaphroditi
1312 1284 1495 1325 tubulosi
1516 1284 1694 1326 steriles.
1724 1285 1858 1326 Ache-

283 1337 352 1376 nia
378 1336 558 1388 oblonga
575 1340 751 1377 costata.
775 1336 906 1388 Pappi
927 1340 1028 1377 setae
1048 1337 1288 1377 uniseriatae
1309 1340 1456 1378 tenues
1476 1337 1566 1379 basi
1587 1338 1628 1379 in
1655 1338 1857 1379 annulum

281 1389 552 1430 subconnatae
572 1389 757 1430 breviter
772 1389 1034 1430 barbellatae.
1057 1413 1109 1417 —
1129 1389 1281 1430 Herbae
1303 1389 1470 1431 lanatae.

338 1497 394 1536 L.
424 1497 681 1546 Alpinum
702 1495 839 1548 (Cass.
863 1495 974 1536 Dict.
997 1495 1097 1536 Nat.
1126 1495 1257 1544 XXV,
1280 1508 1321 1548 p.
1344 1496 1440 1547 474)
1463 1495 1571 1538 foliis
1601 1500 1859 1539 tomentoso-

285 1549 436 1589 lanatis
456 1548 722 1589 inferioribus
743 1549 986 1589 lanceolatis
1006 1549 1071 1589 vel
1090 1548 1424 1601 subspathulatis
1455 1550 1495 1590 in
1521 1550 1723 1602 petiolum
1750 1554 1859 1592 atte-

285 1601 424 1642 nuatis
443 1601 727 1654 superioribus
747 1601 960 1642 sessilibus
980 1601 1208 1643 linearibus
1234 1602 1438 1654 oblongis,
1471 1603 1665 1655 capitulis
1692 1603 1858 1645 subses-

282 1654 427 1695 silibus
451 1655 493 1695 in
520 1655 750 1706 capitulum
772 1654 946 1695 densum
966 1654 1286 1706 corymbiforme
1306 1654 1412 1696 foliis
1436 1655 1650 1697 floralibus
1672 1660 1740 1698 7-8
1759 1657 1858 1698 stel-

285 1707 399 1748 latim
421 1707 663 1759 patentibus
689 1707 813 1748 flores
838 1708 1134 1760 superantibus
1164 1708 1470 1749 circumdatum
1502 1709 1769 1750 condensatis
1797 1714 1855 1758 ΩΙ.

284 1759 438 1812 Fz'laqo
463 1761 796 1814 Leontopodietm
812 1760 860 1801 L.
883 1784 935 1789 ——
952 1761 1246 1814 Gnaphalz'mn
1269 1761 1600 1815 Leontopodimn
1621 1761 1742 1816 Scop.

343 1832 436 1867 Hab.
456 1833 492 1866 in
512 1833 644 1876 alpinis
663 1833 767 1867 siccis
786 1833 893 1867 vallis
914 1833 1051 1867 Kuram
1071 1832 1277 1877 Affghaniae
1297 1836 1483 1868 10-14000‘
1506 1834 1686 1878 (Aitch.!).

344 1895 412 1929 Ar.
433 1894 576 1938 Geogr.
598 1896 712 1940 Alpes
729 1897 900 1940 Europae,
919 1897 1014 1931 Asiae
1036 1897 1219 1941 centralis,
1240 1898 1338 1942 regio
1360 1898 1573 1932 Himalaica.

570 2047 906 2098 ANAPHALIS
933 2049 1039 2117 (Do.
1066 2050 1193 2100 Prod.
1221 2050 1300 2112 VI,
1331 2050 1467 2112 271).

337 2184 533 2237 Capitula
568 2185 842 2238 heterogama
875 2186 938 2227 vel
972 2186 1232 2228 uuisexualia
1262 2186 1492 2228 subdioica.
1529 2187 1858 2240 Receptaculum

283 2238 454 2290 planum
492 2238 665 2280 nudum.
701 2239 963 2280 Involucrum
999 2239 1266 2281 imbricatum
1298 2239 1450 2292 phyllis
1481 2241 1674 2282 scariosis
1706 2242 1858 2294 saepius

284 2291 561 2332 radiantibus.
585 2291 727 2333 Florcs
747 2293 972 2333 exteriores
993 2291 1160 2334 feminei
1180 2293 1463 2345 plui-iseriales
1483 2292 1657 2343 fertiles,
1679 2294 1721 2335 in
1748 2295 1859 2347 capi-

284 2344 383 2384 tulis
402 2344 626 2386 subdioicis
646 2346 859 2397 perpauci,
883 2345 1091 2387 centrales
1111 2345 1445 2398 hermaphroditi
1465 2347 1625 2388 steriles
1655 2347 1855 2389 tubulosi.

285 2395 391 2448 Styli
420 2397 598 2438 indivisi.
635 2397 820 2438 Achenia
850 2411 979 2451 parva
1012 2399 1207 2450 oblonga.
1242 2399 1410 2451 Pappus
1442 2400 1678 2441 uniserialis
1710 2400 1861 2442 scaber

285 2450 384 2490 setis
404 2449 561 2491 liberis.
583 2473 634 2479 —
655 2450 797 2492 Genus
818 2463 842 2491 a
874 2451 1033 2493 Leonto
1064 2451 1157 2493 odio
1186 2453 1313 2504 pappi
1341 2452 1442 2493 setis
1471 2453 1513 2493 in
1543 2453 1744 2494 annulum
1778 2465 1860 2495 non

287 2503 462 2551 coalitis,
486 2515 511 2543 a
533 2502 776 2556 Gnaphalc'o
795 2504 903 2557 stylo
924 2516 1006 2545 non
1060 2504 1158 2546 ifido
1179 2505 1439 2546 distinctum.

340 2608 398 2647 A.
427 2611 675 2648 contorta
702 2608 859 2657 (Hook.
887 2608 916 2650 f.
944 2608 1007 2650 Fl.
1037 2609 1145 2650 Brit.
1180 2609 1271 2650 Ind.
1300 2609 1377 2658 ΙΙΙ,
1406 2622 1448 2662 p.
1483 2610 1578 2660 284)
1609 2610 1860 2662 bombycina

287 2660 568 2701 ramosissima
580 2659 742 2702 inferne
757 2660 1003 2710 frutescens,
1021 2662 1147 2703 ramis
1163 2663 1358 2704 tenuibus
1371 2664 1595 2715 prostratis
1610 2663 1673 2704 vel
1689 2663 1861 2704 adscen-

286 2711 481 2753 dentibus
502 2713 647 2754 crebre
667 2713 836 2763 foliosis,
859 2713 966 2755 foliis
986 2715 1199 2756 sessilibus
1216 2728 1239 2755 a
1258 2715 1350 2756 basi
1369 2715 1743 2768 subamplexicauli
1763 2716 1860 2758 sub-

286 2765 521 2806 auriculata
536 2766 762 2807 linearibus
782 2767 942 2808 obtusis
964 2768 1152 2819 margine
1172 2769 1386 2815 revolutis,
1410 2769 1604 2821 capitulis
1618 2769 1757 2821 parvis
1774 2769 1860 2821 glo-

285 2817 397 2858 bosis
417 2818 460 2858 in
479 2819 697 2871 corymbos
717 2819 1044 2871 capituliformes
1065 2820 1192 2862 dense
1218 2822 1429 2873 congestis
1456 2825 1514 2869 ΩΙ.
1538 2821 1591 2863 Α.
1615 2822 1767 2864 tenella
1788 2835 1856 2864 Dc.

288 2869 435 2911 Prodr.
458 2883 508 2911 ex
522 2876 644 2923 parte
663 2895 715 2900 —
736 2871 791 2913 A.
815 2872 1040 2914 Falconerz'
1061 2873 1229 2915 Clarke.

348 2941 441 2976 Hab.
462 2942 510 2977 ad
529 2943 694 2978 Sikaram
714 2943 820 2978 vallis
839 2944 974 2978 Kuram
993 2944 1200 2989 Affghaniae
1223 2948 1348 2980 11000'
1367 2945 1502 2989 (Aitch.
1523 2947 1635 2990 914!).

348 3004 415 3038 Ar.
437 3003 579 3048 Geogr.
606 3005 720 3050 Regio
739 3006 942 3041 Himalaica
962 3013 1052 3041 tota.
