2094 3351
199 228 268 262 2536
947 237 1124 261 nestun-ze.
1635 228 1662 261 A
1669 226 1844 272 yrimonia
1854 255 1863 264 .

199 309 268 341 Pag.

202 364 293 408 729,
327 365 421 412 post
442 361 813 411 Agrimoniam
835 360 1101 399 sororiam
1122 360 1258 400 insere
1280 373 1287 400 :

358 448 416 486 A.
440 447 610 498 pilosa
634 446 808 493 (Ledeb.
832 446 922 486 Intl.
954 446 1074 486 Hort.
1106 446 1232 498 Dorp.
1269 447 1385 495 1823)
1418 446 1558 487 radice
1579 458 1659 486 non
1680 450 1866 498 repente,

306 499 411 539 foliis
432 500 666 550 interrupte
695 500 876 550 pinnatis
898 498 1044 538 foliolis
1065 503 1154 539 7-11
1178 499 1326 539 subtus
1353 498 1406 539 ad
1431 511 1576 539 nervos
1598 503 1641 539 et
1660 511 1785 540 venas
1805 499 1870 540 vel

304 552 486 603 undique
500 552 639 603 pilosis
656 551 990 603 elliptico-ovatis
1011 551 1098 591 basi
1128 554 1305 592 cuneata
1325 552 1498 602 integris
1518 557 1639 603 parte
1658 552 1871 603 superiore

306 616 447 653 grosse
475 605 662 651 serrati&
685 604 808 655 spicis
829 604 1023 644 tenuibus
1053 604 1256 654 elongatis
1289 604 1380 656 plus
1406 605 1542 644 minus
1571 604 1687 652 laxis,
1719 603 1870 656 calycis

306 656 507 697 tructiferi
529 657 677 697 minuti
705 657 805 697 tubo
833 657 1029 696 obeonico
1055 656 1200 706 glabro
1227 656 1288 696 vel
1315 668 1440 708 parce
1466 657 1639 708 pilosulo
1667 655 1871 708 profunde

306 715 348 749 et
372 715 549 757 anguste
575 709 735 749 sulcato
765 709 959 749 dentibus
987 709 1315 759 triangularibus
1342 709 1490 756 acutis,
1523 709 1651 761 spinis
1679 709 1871 750 omnibus

305 763 454 802 oroetis
484 766 541 808 ⁸21.
567 762 620 802 A.
647 761 847 802 riscideda
870 761 1016 812 Bunge
1038 761 1163 802 Mem.
1188 760 1279 802 Soc.
1304 760 1395 801 Etr.
1424 761 1612 802 Petersb.
1635 761 1690 810 ΙΙ,
1713 769 1755 802 11⁰
1778 764 1868 803 100.

365 833 456 867 Hah.
481 833 526 867 ad
547 833 715 866 Shalizan
737 833 842 867 vallis
863 833 995 867 Kuram
1016 833 1218 876 Affghaniae
1237 833 1396 876 vulgaris
1416 833 1582 875 (Aitch.).

365 899 480 941 Spica*
511 904 638 931 tennes
668 905 702 931 et
732 898 894 941 capitula
914 907 1027 940 parva
1054 898 1097 931 A.
1117 898 1265 931 sororia:
1294 908 1315 931 a
1342 899 1413 941 qua
1440 897 1573 941 calycis
1593 897 1680 931 tubo
1702 896 1872 941 glabrato

320 946 520 988 praesertim
543 945 674 978 differt.

367 1006 432 1087 Ag.
455 1006 597 1049 Geogr.
620 1008 748 1041 Bossia
771 1007 889 1042 media
909 1012 944 1041 et
971 1006 1151 1049 australis,
1178 1006 1319 1050 Sibiria,
1345 1007 1514 1050 Japonia,
1541 1008 1640 1051 regio
1670 1007 1872 1041 Himalaiea

321 1055 394 1088 occi
425 1055 564 1088 entalis.

201 1184 291 1229 733,
324 1181 603 1221 Poterium
628 1181 1014 1231 Sanquisorba,
1038 1180 1145 1221 adde
1168 1194 1176 1221 :

365 1267 457 1301 Hab.
478 1267 523 1301 ad
544 1268 723 1310 margines
744 1267 940 1300 rivulorum
962 1267 1066 1301 vallis
1087 1267 1220 1301 Kuram
1243 1266 1447 1311 Affghaniae
1468 1267 1602 1310 (Aitch.
1627 1268 1734 1310 1852).

200 1402 292 1446 735,
324 1400 574 1439 Neurada
596 1400 974 1450 procumbam,
997 1398 1130 1440 adde:

367 1487 459 1520 Hab.
484 1487 518 1520 in
538 1488 658 1520 arenis
678 1487 871 1521 mobilibus
891 1487 1001 1530 juxta
1020 1497 1119 1521 mare
1139 1487 1184 1521 ad
1209 1488 1375 1522 Antelias
1397 1498 1512 1531 prope
1537 1487 1734 1532 Berythum
1760 1487 1872 1531 Syriae

321 1534 475 1577 (Peyron
487 1534 520 1577 !)‚
533 1534 568 1567 in
580 1535 699 1568 arenis
713 1535 900 1568 maritimis
912 1534 958 1568 ad
973 1535 1112 1568 Sarona
1124 1534 1227 1577 (Sint.
1243 1540 1278 1569 et
1292 1535 1395 1579 Rigo,
1410 1536 1479 1569 iter
1493 1535 1674 1579 Cyprium,
1688 1545 1747 1569 no.
1760 1534 1872 1577 9200.

513 1783 720 1823 ORDO
774 1785 979 1824 XLIV.
1036 1785 1560 1825 LYTHRARIEAE

201 1977 292 2021 739,
327 1976 595 2025 Lythrum
619 1976 876 2024 Graeiferi,
899 1976 1006 2016 adde
1029 1989 1036 2016 :

366 2063 458 2097 Hab.
480 2064 514 2097 in
535 2065 690 2108 oryzetis
713 2065 863 2109 AEgypti
881 2076 995 2109 prope
1014 2065 1274 2100 Alexandriam
1296 2065 1479 2109 (Aschers.
1501 2077 1544 2101 ex
1566 2066 1706 2100 Koehne
1727 2066 1849 2109 Mon).

202 2197 292 2240 739,
328 2194 381 2233 L.
405 2194 835 2245 hyssopifolium,
859 2194 966 2236 adde
989 2208 997 2235 :
1041 2233 1049 2241 ‚

367 2282 457 2316 Hab.
481 2283 514 2316 in
536 2283 690 2317 Oasibus
711 2283 863 2328 AEgypti
884 2284 1108 2327 (Aschers.!).

199 2416 293 2460 740,
329 2413 383 2452 L.
411 2413 793 2463 thymifolium,
823 2414 915 2454 dele
941 2426 989 2455 ex
1015 2414 1278 2456 habitatione
1307 2415 1417 2456 locos
1446 2416 1652 2457 indicatos
1677 2420 1720 2457 et
1745 2428 1796 2457 ex
1821 2416 1872 2457 cl.

311 2465 472 2505 Koehne
492 2465 545 2506 ad
566 2465 618 2507 L.
643 2466 863 2508 thesioides
881 2472 1121 2519 spectantes
1141 2472 1184 2508 et
1204 2468 1312 2515 adde
1334 2481 1342 2509 :

368 2552 460 2586 Hab.
480 2553 515 2586 in
538 2553 698 2597 AEgypto
719 2553 890 2589 inferiore
909 2554 1073 2598 (Figari)‚
1094 2555 1156 2589 sed
1178 2566 1223 2589 an
1244 2556 1312 2590 hoc
1332 2556 1512 2599 specimen
1533 2567 1577 2590 ex
1604 2557 1649 2590 cl.
1670 2555 1812 2590 Koehne
1832 2566 1875 2590 ex

322 2599 481 2679 AEg{1?)t⁰
504 2610 586 2634 vere
607 2601 822 2635 oriundum?
843 2602 878 2636 Si
898 2612 968 2635 non
988 2602 1030 2636 L.
1053 2602 1293 2647 thymifolium
1314 2613 1333 2637 e
1355 2603 1465 2637 Flora
1486 2603 1664 2638 Orientali
1684 2603 1874 2637 delendum

321 2657 397 2680 GSSG

202 2779 294 2825 740,
329 2778 383 2817 L.
415 2777 726 2826 thesioides‚
750 2777 858 2819 adde
881 2791 888 2819 :

367 2863 459 2898 Hab.
481 2865 516 2898 in
536 2864 731 2909 Affglianiiz
753 2865 868 2904 (Griff.
890 2866 1024 2909 1232!)‚
1046 2865 1091 2900 ad
1113 2866 1227 2900 Herat
1249 2866 1393 2910 (Bge.!).

320 2925 436 3005 <14¹³
467 2925 610 3008 (Ᾰῗοςτ.
640 2928 760 2962 Gallia
781 2929 963 2972 australis,
993 2929 1101 2963 Italia
1127 2929 1295 2973 borealis,
1322 2929 1450 2964 Rossia
1476 2929 1658 2973 australis,
1689 2930 1876 2973 Songaria,

320 2977 354 3007 .ἰ
373 2984 451 3007 nria
521 2975 627 3009 taica.
