<?xml version="1.0" encoding="UTF-8"?>
<!DOCTYPE html PUBLIC "-//W3C//DTD XHTML 1.0 Transitional//EN"
    "http://www.w3.org/TR/xhtml1/DTD/xhtml1-transitional.dtd">
<html xmlns="http://www.w3.org/1999/xhtml" xml:lang="en" lang="en">
 <head>
  <title>
</title>
<meta http-equiv="Content-Type" content="text/html;charset=utf-8" />
  <meta name='ocr-system' content='tesseract 3.04.00' />
  <meta name='ocr-capabilities' content='ocr_page ocr_carea ocr_par ocr_line ocrx_word'/>
</head>
<body>
  <div class='ocr_page' id='page_1' title='image "./floraorientaliss00bois_0225.png"; bbox 0 0 2115 3250; ppageno 0'>
   <div class='ocr_carea' id='block_1_1' title="bbox 215 203 1880 250">
    <p class='ocr_par' dir='ltr' id='par_1_1' title="bbox 215 203 1880 250">
     <span class='ocr_line' id='line_1_1' title="bbox 215 203 1880 250; baseline -0.001 -11"><span class='ocrx_word' id='word_1_1' title='bbox 215 204 435 250; x_wconf 74' lang='lat' dir='ltr'>Ascraqalus.</span> <span class='ocrx_word' id='word_1_2' title='bbox 912 213 1167 238; x_wconf 80' lang='lat' dir='ltr'><strong>LEGUMINOSAE.</strong></span> <span class='ocrx_word' id='word_1_3' title='bbox 1814 203 1880 237; x_wconf 75' lang='lat'>¹83</span> 
     </span>
    </p>
   </div>
   <div class='ocr_carea' id='block_1_2' title="bbox 214 287 282 321">
    <p class='ocr_par' dir='ltr' id='par_1_2' title="bbox 214 287 282 321">
     <span class='ocr_line' id='line_1_2' title="bbox 214 287 282 321; baseline -0.015 -7"><span class='ocrx_word' id='word_1_4' title='bbox 214 287 282 321; x_wconf 86' lang='lat' dir='ltr'>Pag.</span> 
     </span>
    </p>
   </div>
   <div class='ocr_carea' id='block_1_3' title="bbox 317 334 1881 440">
    <p class='ocr_par' dir='ltr' id='par_1_3' title="bbox 317 334 1881 440">
     <span class='ocr_line' id='line_1_3' title="bbox 317 334 1881 389; baseline -0.002 -11"><span class='ocrx_word' id='word_1_5' title='bbox 317 337 494 389; x_wconf 88' lang='lat' dir='ltr'>oblongo</span> <span class='ocrx_word' id='word_1_6' title='bbox 514 336 660 388; x_wconf 88' lang='lat' dir='ltr'>glabro</span> <span class='ocrx_word' id='word_1_7' title='bbox 680 336 819 388; x_wconf 90' lang='lat' dir='ltr'>calyce</span> <span class='ocrx_word' id='word_1_8' title='bbox 840 335 965 388; x_wconf 92' lang='lat' dir='ltr'>duplo</span> <span class='ocrx_word' id='word_1_9' title='bbox 984 335 1185 387; x_wconf 79' lang='lat' dir='ltr'>longiore,</span> <span class='ocrx_word' id='word_1_10' title='bbox 1205 334 1415 387; x_wconf 89' lang='lat' dir='ltr'>legumine</span> <span class='ocrx_word' id='word_1_11' title='bbox 1434 334 1611 387; x_wconf 90' lang='lat' dir='ltr'>oblongo</span> <span class='ocrx_word' id='word_1_12' title='bbox 1637 339 1761 376; x_wconf 82' lang='lat' dir='ltr'>acuto</span> <span class='ocrx_word' id='word_1_13' title='bbox 1781 336 1881 376; x_wconf 87' lang='lat' dir='ltr'>seri-</span> 
     </span>
     <span class='ocr_line' id='line_1_4' title="bbox 319 388 1155 440; baseline -0.002 -10"><span class='ocrx_word' id='word_1_14' title='bbox 319 401 389 431; x_wconf 89' lang='lat' dir='ltr'>ceo</span> <span class='ocrx_word' id='word_1_15' title='bbox 409 389 653 430; x_wconf 87' lang='lat' dir='ltr'>uniloculari</span> <span class='ocrx_word' id='word_1_16' title='bbox 673 388 857 440; x_wconf 81' lang='lat' dir='ltr'>calycem</span> <span class='ocrx_word' id='word_1_17' title='bbox 876 393 1070 440; x_wconf 85' lang='lat' dir='ltr'>aequaute</span> <span class='ocrx_word' id='word_1_18' title='bbox 1103 401 1128 439; x_wconf 82' lang='lat'><em>5</em></span> <span class='ocrx_word' id='word_1_19' title='bbox 1146 419 1155 428; x_wconf 90' lang='lat'><strong>.</strong></span> 
     </span>
    </p>
   </div>
   <div class='ocr_carea' id='block_1_4' title="bbox 330 458 1882 612">
    <p class='ocr_par' dir='ltr' id='par_1_4' title="bbox 330 458 1882 612">
     <span class='ocr_line' id='line_1_5' title="bbox 355 458 1882 551; baseline -0.001 -57"><span class='ocrx_word' id='word_1_20' title='bbox 355 460 469 551; x_wconf 43' lang='grc' dir='ltr'>ἕξεί).</span> <span class='ocrx_word' id='word_1_21' title='bbox 487 461 522 494; x_wconf 93' lang='lat' dir='ltr'>in</span> <span class='ocrx_word' id='word_1_22' title='bbox 548 460 683 494; x_wconf 85' lang='lat' dir='ltr'>ditione</span> <span class='ocrx_word' id='word_1_23' title='bbox 705 459 901 494; x_wconf 85' lang='lat' dir='ltr'>Karabach</span> <span class='ocrx_word' id='word_1_24' title='bbox 927 459 1222 494; x_wconf 86' lang='lat' dir='ltr'>Transcaucasiae</span> <span class='ocrx_word' id='word_1_25' title='bbox 1253 469 1367 502; x_wconf 89' lang='lat' dir='ltr'>prope</span> <span class='ocrx_word' id='word_1_26' title='bbox 1393 458 1565 493; x_wconf 88' lang='lat' dir='ltr'>Ochtschi</span> <span class='ocrx_word' id='word_1_27' title='bbox 1598 458 1752 503; x_wconf 86' lang='lat' dir='ltr'>(Radde)</span> <span class='ocrx_word' id='word_1_28' title='bbox 1786 459 1882 502; x_wconf 88' lang='lat' dir='ltr'>(Non</span> 
     </span>
     <span class='ocr_line' id='line_1_6' title="bbox 330 519 429 541; baseline 0 0"><span class='ocrx_word' id='word_1_29' title='bbox 330 519 363 541; x_wconf 86' lang='lat' dir='ltr'>Vl</span> <span class='ocrx_word' id='word_1_30' title='bbox 392 519 402 541; x_wconf 93' lang='lat' dir='ltr'>l</span> <span class='ocrx_word' id='word_1_31' title='bbox 422 534 429 541; x_wconf 86' lang='lat'><strong><em>.</em></strong></span> 
     </span>
     <span class='ocr_line' id='line_1_7' title="bbox 374 567 1881 612; baseline -0.002 -8"><span class='ocrx_word' id='word_1_32' title='bbox 374 570 430 604; x_wconf 87' lang='lat' dir='ltr'>Ex</span> <span class='ocrx_word' id='word_1_33' title='bbox 454 570 497 604; x_wconf 89' lang='lat' dir='ltr'>cl.</span> <span class='ocrx_word' id='word_1_34' title='bbox 518 574 667 604; x_wconf 87' lang='lat' dir='ltr'>auctore</span> <span class='ocrx_word' id='word_1_35' title='bbox 690 568 883 603; x_wconf 86' lang='lat' dir='ltr'>admodum</span> <span class='ocrx_word' id='word_1_36' title='bbox 909 568 1029 603; x_wconf 86' lang='lat' dir='ltr'>affinis</span> <span class='ocrx_word' id='word_1_37' title='bbox 1055 568 1276 612; x_wconf 77' lang='lat' dir='ltr'>praecedenti</span> <span class='ocrx_word' id='word_1_38' title='bbox 1299 579 1317 602; x_wconf 86' lang='lat' dir='ltr'>a</span> <span class='ocrx_word' id='word_1_39' title='bbox 1346 578 1416 611; x_wconf 88' lang='lat' dir='ltr'>quo</span> <span class='ocrx_word' id='word_1_40' title='bbox 1435 573 1576 602; x_wconf 83' lang='lat' dir='ltr'>tantum</span> <span class='ocrx_word' id='word_1_41' title='bbox 1597 567 1719 602; x_wconf 87' lang='lat' dir='ltr'>differt</span> <span class='ocrx_word' id='word_1_42' title='bbox 1748 568 1881 611; x_wconf 86' lang='lat' dir='ltr'>calycis</span> 
     </span>
    </p>
   </div>
   <div class='ocr_carea' id='block_1_5' title="bbox 328 615 1881 707">
    <p class='ocr_par' dir='ltr' id='par_1_5' title="bbox 328 615 1881 707">
     <span class='ocr_line' id='line_1_8' title="bbox 328 615 1881 660; baseline -0.002 -9"><span class='ocrx_word' id='word_1_43' title='bbox 328 627 399 651; x_wconf 92' lang='lat' dir='ltr'>non</span> <span class='ocrx_word' id='word_1_44' title='bbox 415 617 521 660; x_wconf 87' lang='lat' dir='ltr'>longe</span> <span class='ocrx_word' id='word_1_45' title='bbox 538 627 604 651; x_wconf 88' lang='lat' dir='ltr'>nec</span> <span class='ocrx_word' id='word_1_46' title='bbox 621 616 730 650; x_wconf 89' lang='lat' dir='ltr'>dense</span> <span class='ocrx_word' id='word_1_47' title='bbox 748 617 862 650; x_wconf 84' lang='lat' dir='ltr'>lanati</span> <span class='ocrx_word' id='word_1_48' title='bbox 884 616 1050 650; x_wconf 85' lang='lat' dir='ltr'>dentibus</span> <span class='ocrx_word' id='word_1_49' title='bbox 1069 616 1304 660; x_wconf 84' lang='lat' dir='ltr'>longioribus,</span> <span class='ocrx_word' id='word_1_50' title='bbox 1321 615 1449 649; x_wconf 85' lang='lat' dir='ltr'>habitu</span> <span class='ocrx_word' id='word_1_51' title='bbox 1466 615 1617 658; x_wconf 82' lang='lat' dir='ltr'>laxiore,</span> <span class='ocrx_word' id='word_1_52' title='bbox 1635 615 1746 658; x_wconf 84' lang='lat' dir='ltr'>spinis</span> <span class='ocrx_word' id='word_1_53' title='bbox 1767 615 1881 658; x_wconf 85' lang='lat' dir='ltr'>graci-</span> 
     </span>
     <span class='ocr_line' id='line_1_9' title="bbox 332 663 899 707; baseline -0.002 -9"><span class='ocrx_word' id='word_1_54' title='bbox 332 663 492 698; x_wconf 88' lang='lat' dir='ltr'>lioribus.</span> <span class='ocrx_word' id='word_1_55' title='bbox 513 665 570 698; x_wconf 88' lang='lat' dir='ltr'>An</span> <span class='ocrx_word' id='word_1_56' title='bbox 588 663 698 707; x_wconf 88' lang='lat' dir='ltr'>hujus</span> <span class='ocrx_word' id='word_1_57' title='bbox 715 663 899 698; x_wconf 77' lang='lat' dir='ltr'>varietas?</span> 
     </span>
    </p>
   </div>
   <div class='ocr_carea' id='block_1_6' title="bbox 313 792 1886 1332">
    <p class='ocr_par' dir='ltr' id='par_1_6' title="bbox 313 792 1886 1268">
     <span class='ocr_line' id='line_1_10' title="bbox 371 792 1883 846; baseline -0.001 -12"><span class='ocrx_word' id='word_1_58' title='bbox 371 795 430 835; x_wconf 88' lang='lat' dir='ltr'>A.</span> <span class='ocrx_word' id='word_1_59' title='bbox 467 797 778 835; x_wconf 83' lang='lat' dir='ltr'>coarctatus</span> <span class='ocrx_word' id='word_1_60' title='bbox 809 794 1004 846; x_wconf 86' lang='lat' dir='ltr'>(Trautv.</span> <span class='ocrx_word' id='word_1_61' title='bbox 1040 793 1067 834; x_wconf 92' lang='lat' dir='ltr'>l.</span> <span class='ocrx_word' id='word_1_62' title='bbox 1104 794 1192 842; x_wconf 91' lang='lat' dir='ltr'>cit.‚</span> <span class='ocrx_word' id='word_1_63' title='bbox 1226 806 1267 846; x_wconf 92' lang='lat' dir='ltr'>p.</span> <span class='ocrx_word' id='word_1_64' title='bbox 1304 794 1396 843; x_wconf 84' lang='lat'>365)</span> <span class='ocrx_word' id='word_1_65' title='bbox 1427 792 1717 834; x_wconf 89' lang='lat' dir='ltr'>suffruticosus</span> <span class='ocrx_word' id='word_1_66' title='bbox 1749 803 1883 832; x_wconf 89' lang='lat' dir='ltr'>nanus</span> 
     </span>
     <span class='ocr_line' id='line_1_11' title="bbox 315 845 1880 899; baseline -0.002 -12"><span class='ocrx_word' id='word_1_67' title='bbox 315 847 475 888; x_wconf 89' lang='lat' dir='ltr'>minute</span> <span class='ocrx_word' id='word_1_68' title='bbox 504 851 547 887; x_wconf 92' lang='lat' dir='ltr'>et</span> <span class='ocrx_word' id='word_1_69' title='bbox 579 846 822 888; x_wconf 84' lang='lat' dir='ltr'>densissime</span> <span class='ocrx_word' id='word_1_70' title='bbox 851 847 1105 899; x_wconf 86' lang='lat' dir='ltr'>pulvinatus,</span> <span class='ocrx_word' id='word_1_71' title='bbox 1140 847 1267 887; x_wconf 87' lang='lat' dir='ltr'>ramis</span> <span class='ocrx_word' id='word_1_72' title='bbox 1300 846 1426 887; x_wconf 88' lang='lat' dir='ltr'>dense</span> <span class='ocrx_word' id='word_1_73' title='bbox 1460 850 1503 886; x_wconf 87' lang='lat' dir='ltr'>et</span> <span class='ocrx_word' id='word_1_74' title='bbox 1534 845 1658 897; x_wconf 90' lang='lat' dir='ltr'>longe</span> <span class='ocrx_word' id='word_1_75' title='bbox 1688 845 1880 896; x_wconf 90' lang='lat' dir='ltr'>spinosis,</span> 
     </span>
     <span class='ocr_line' id='line_1_12' title="bbox 315 897 1885 952; baseline -0.002 -12"><span class='ocrx_word' id='word_1_76' title='bbox 315 899 463 941; x_wconf 90' lang='lat' dir='ltr'>foliolis</span> <span class='ocrx_word' id='word_1_77' title='bbox 501 902 593 941; x_wconf 86' lang='lat'>9-11</span> <span class='ocrx_word' id='word_1_78' title='bbox 632 900 771 952; x_wconf 87' lang='lat' dir='ltr'>parvis</span> <span class='ocrx_word' id='word_1_79' title='bbox 802 899 924 940; x_wconf 91' lang='lat' dir='ltr'>oblon</span> <span class='ocrx_word' id='word_1_80' title='bbox 957 899 991 940; x_wconf 87' lang='lat' dir='ltr'>is</span> <span class='ocrx_word' id='word_1_81' title='bbox 1023 899 1330 940; x_wconf 83' lang='lat' dir='ltr'>subinerinibus</span> <span class='ocrx_word' id='word_1_82' title='bbox 1364 898 1561 950; x_wconf 88' lang='lat' dir='ltr'>utrinque</span> <span class='ocrx_word' id='word_1_83' title='bbox 1595 898 1739 950; x_wconf 87' lang='lat' dir='ltr'>patule</span> <span class='ocrx_word' id='word_1_84' title='bbox 1771 897 1885 938; x_wconf 87' lang='lat' dir='ltr'>villo-</span> 
     </span>
     <span class='ocr_line' id='line_1_13' title="bbox 315 949 1882 1004; baseline -0.002 -11"><span class='ocrx_word' id='word_1_85' title='bbox 315 953 437 1001; x_wconf 88' lang='lat' dir='ltr'>sulis,</span> <span class='ocrx_word' id='word_1_86' title='bbox 476 952 639 1004; x_wconf 87' lang='lat' dir='ltr'>stipulis</span> <span class='ocrx_word' id='word_1_87' title='bbox 676 952 933 993; x_wconf 87' lang='lat' dir='ltr'>lanceolato-</span> <span class='ocrx_word' id='word_1_88' title='bbox 956 952 1166 993; x_wconf 89' lang='lat' dir='ltr'>inearibus</span> <span class='ocrx_word' id='word_1_89' title='bbox 1202 952 1355 1004; x_wconf 89' lang='lat' dir='ltr'>petiolo</span> <span class='ocrx_word' id='word_1_90' title='bbox 1391 951 1445 992; x_wconf 84' lang='lat' dir='ltr'>ad</span> <span class='ocrx_word' id='word_1_91' title='bbox 1478 950 1660 991; x_wconf 92' lang='lat' dir='ltr'>medium</span> <span class='ocrx_word' id='word_1_92' title='bbox 1700 949 1882 998; x_wconf 86' lang='lat' dir='ltr'>adnatis,</span> 
     </span>
     <span class='ocr_line' id='line_1_14' title="bbox 315 1002 1881 1057; baseline -0.002 -12"><span class='ocrx_word' id='word_1_93' title='bbox 315 1005 558 1057; x_wconf 83' lang='lat' dir='ltr'>pedunculis</span> <span class='ocrx_word' id='word_1_94' title='bbox 590 1004 830 1046; x_wconf 85' lang='lat' dir='ltr'>axillaribus</span> <span class='ocrx_word' id='word_1_95' title='bbox 861 1005 1115 1046; x_wconf 89' lang='lat' dir='ltr'>brevissimis</span> <span class='ocrx_word' id='word_1_96' title='bbox 1144 1004 1396 1052; x_wconf 89' lang='lat' dir='ltr'>subbifloris,</span> <span class='ocrx_word' id='word_1_97' title='bbox 1425 1004 1608 1045; x_wconf 80' lang='lat' dir='ltr'>bracteis</span> <span class='ocrx_word' id='word_1_98' title='bbox 1637 1002 1881 1050; x_wconf 81' lang='lat' dir='ltr'>linearibus,</span> 
     </span>
     <span class='ocr_line' id='line_1_15' title="bbox 316 1054 1886 1110; baseline -0.002 -12"><span class='ocrx_word' id='word_1_99' title='bbox 316 1058 466 1110; x_wconf 87' lang='lat' dir='ltr'>calycis</span> <span class='ocrx_word' id='word_1_100' title='bbox 486 1058 692 1110; x_wconf 88' lang='lat' dir='ltr'>patentim</span> <span class='ocrx_word' id='word_1_101' title='bbox 720 1057 967 1098; x_wconf 89' lang='lat' dir='ltr'>albo-villosi</span> <span class='ocrx_word' id='word_1_102' title='bbox 993 1057 1188 1098; x_wconf 84' lang='lat' dir='ltr'>dentibus</span> <span class='ocrx_word' id='word_1_103' title='bbox 1216 1057 1422 1098; x_wconf 86' lang='lat' dir='ltr'>subulatis</span> <span class='ocrx_word' id='word_1_104' title='bbox 1455 1056 1625 1097; x_wconf 89' lang='lat' dir='ltr'>dimidio</span> <span class='ocrx_word' id='word_1_105' title='bbox 1653 1056 1756 1096; x_wconf 90' lang='lat' dir='ltr'>tubo</span> <span class='ocrx_word' id='word_1_106' title='bbox 1789 1054 1886 1096; x_wconf 91' lang='lat' dir='ltr'>sub-</span> 
     </span>
     <span class='ocr_line' id='line_1_16' title="bbox 313 1108 1882 1163; baseline -0.002 -13"><span class='ocrx_word' id='word_1_107' title='bbox 313 1110 593 1159; x_wconf 87' lang='lat' dir='ltr'>brevioribus,</span> <span class='ocrx_word' id='word_1_108' title='bbox 628 1110 776 1151; x_wconf 83' lang='lat' dir='ltr'>vexillo</span> <span class='ocrx_word' id='word_1_109' title='bbox 819 1110 1064 1151; x_wconf 88' lang='lat' dir='ltr'>ochroleuco</span> <span class='ocrx_word' id='word_1_110' title='bbox 1108 1110 1287 1163; x_wconf 90' lang='lat' dir='ltr'>oblongo</span> <span class='ocrx_word' id='word_1_111' title='bbox 1332 1110 1472 1162; x_wconf 81' lang='lat' dir='ltr'>calyce</span> <span class='ocrx_word' id='word_1_112' title='bbox 1516 1108 1642 1161; x_wconf 91' lang='lat' dir='ltr'>duplo</span> <span class='ocrx_word' id='word_1_113' title='bbox 1680 1108 1882 1160; x_wconf 85' lang='lat' dir='ltr'>longiore,</span> 
     </span>
     <span class='ocr_line' id='line_1_17' title="bbox 316 1160 1886 1215; baseline -0.001 -12"><span class='ocrx_word' id='word_1_114' title='bbox 316 1163 526 1215; x_wconf 81' lang='lat' dir='ltr'>legumine</span> <span class='ocrx_word' id='word_1_115' title='bbox 553 1163 686 1204; x_wconf 89' lang='lat' dir='ltr'>sessili</span> <span class='ocrx_word' id='word_1_116' title='bbox 713 1163 840 1204; x_wconf 87' lang='lat' dir='ltr'>dense</span> <span class='ocrx_word' id='word_1_117' title='bbox 868 1163 1140 1204; x_wconf 88' lang='lat' dir='ltr'>albo-sericeo</span> <span class='ocrx_word' id='word_1_118' title='bbox 1164 1174 1455 1215; x_wconf 86' lang='lat' dir='ltr'>monospermo</span> <span class='ocrx_word' id='word_1_119' title='bbox 1483 1162 1634 1215; x_wconf 86' lang='lat' dir='ltr'>calycis</span> <span class='ocrx_word' id='word_1_120' title='bbox 1661 1161 1762 1202; x_wconf 92' lang='lat' dir='ltr'>tubo</span> <span class='ocrx_word' id='word_1_121' title='bbox 1789 1160 1886 1201; x_wconf 89' lang='lat' dir='ltr'>sub-</span> 
     </span>
     <span class='ocr_line' id='line_1_18' title="bbox 314 1216 589 1268; baseline 0.004 -12"><span class='ocrx_word' id='word_1_122' title='bbox 314 1216 505 1257; x_wconf 90' lang='lat' dir='ltr'>breviore</span> <span class='ocrx_word' id='word_1_123' title='bbox 538 1230 563 1268; x_wconf 80' lang='lat'>5</span> <span class='ocrx_word' id='word_1_124' title='bbox 580 1248 589 1257; x_wconf 92' lang='lat'><strong>.</strong></span> 
     </span>
    </p>

    <p class='ocr_par' dir='ltr' id='par_1_7' title="bbox 374 1285 1721 1332">
     <span class='ocr_line' id='line_1_19' title="bbox 374 1285 1721 1332; baseline -0.002 -10"><span class='ocrx_word' id='word_1_125' title='bbox 374 1287 469 1322; x_wconf 87' lang='lat' dir='ltr'>Hab.</span> <span class='ocrx_word' id='word_1_126' title='bbox 490 1287 537 1322; x_wconf 88' lang='lat' dir='ltr'>ad</span> <span class='ocrx_word' id='word_1_127' title='bbox 557 1288 675 1322; x_wconf 87' lang='lat' dir='ltr'>lacum</span> <span class='ocrx_word' id='word_1_128' title='bbox 692 1287 837 1332; x_wconf 80' lang='lat' dir='ltr'>Kupgol</span> <span class='ocrx_word' id='word_1_129' title='bbox 857 1288 989 1322; x_wconf 87' lang='lat' dir='ltr'>montis</span> <span class='ocrx_word' id='word_1_130' title='bbox 1006 1289 1142 1322; x_wconf 83' lang='lat' dir='ltr'>Ararat</span> <span class='ocrx_word' id='word_1_131' title='bbox 1161 1287 1310 1331; x_wconf 70' lang='lat' dir='ltr'>maioris</span> <span class='ocrx_word' id='word_1_132' title='bbox 1331 1286 1487 1330; x_wconf 86' lang='lat' dir='ltr'>(Radde)</span> <span class='ocrx_word' id='word_1_133' title='bbox 1508 1286 1604 1330; x_wconf 89' lang='lat' dir='ltr'>(Non</span> <span class='ocrx_word' id='word_1_134' title='bbox 1621 1285 1721 1328; x_wconf 85' lang='lat' dir='ltr'>vidi).</span> 
     </span>
    </p>
   </div>
   <div class='ocr_carea' id='block_1_7' title="bbox 327 1349 1886 1491">
    <p class='ocr_par' dir='ltr' id='par_1_8' title="bbox 327 1349 1886 1491">
     <span class='ocr_line' id='line_1_20' title="bbox 373 1349 1886 1396; baseline -0.002 -10"><span class='ocrx_word' id='word_1_135' title='bbox 373 1352 544 1387; x_wconf 89' lang='lat' dir='ltr'>Pulvinos</span> <span class='ocrx_word' id='word_1_136' title='bbox 563 1363 696 1396; x_wconf 88' lang='lat' dir='ltr'>parvos</span> <span class='ocrx_word' id='word_1_137' title='bbox 713 1352 1175 1396; x_wconf 83' lang='lat' dir='ltr'>diametro-4-5-pollicares</span> <span class='ocrx_word' id='word_1_138' title='bbox 1195 1354 1216 1386; x_wconf 90' lang='grc'>2</span> <span class='ocrx_word' id='word_1_139' title='bbox 1234 1351 1267 1393; x_wconf 77' lang='lat' dir='ltr'>¹l²</span> <span class='ocrx_word' id='word_1_140' title='bbox 1289 1351 1440 1395; x_wconf 86' lang='lat' dir='ltr'>pollices</span> <span class='ocrx_word' id='word_1_141' title='bbox 1460 1351 1555 1385; x_wconf 81' lang='lat' dir='ltr'>altos</span> <span class='ocrx_word' id='word_1_142' title='bbox 1572 1350 1743 1385; x_wconf 87' lang='lat' dir='ltr'>formans.</span> <span class='ocrx_word' id='word_1_143' title='bbox 1758 1349 1886 1383; x_wconf 86' lang='lat' dir='ltr'>Flores</span> 
     </span>
     <span class='ocr_line' id='line_1_21' title="bbox 327 1396 1886 1444; baseline -0.002 -11"><span class='ocrx_word' id='word_1_144' title='bbox 327 1402 412 1434; x_wconf 79' lang='lat'>8-10</span> <span class='ocrx_word' id='word_1_145' title='bbox 430 1400 493 1433; x_wconf 91' lang='lat' dir='ltr'>lin.</span> <span class='ocrx_word' id='word_1_146' title='bbox 513 1399 622 1444; x_wconf 85' lang='lat' dir='ltr'>longi.</span> <span class='ocrx_word' id='word_1_147' title='bbox 640 1400 696 1433; x_wconf 86' lang='lat' dir='ltr'>Ex</span> <span class='ocrx_word' id='word_1_148' title='bbox 717 1400 761 1434; x_wconf 93' lang='lat' dir='ltr'>cl.</span> <span class='ocrx_word' id='word_1_149' title='bbox 780 1405 930 1434; x_wconf 87' lang='lat' dir='ltr'>auctore</span> <span class='ocrx_word' id='word_1_150' title='bbox 951 1399 1073 1434; x_wconf 86' lang='lat' dir='ltr'>differt</span> <span class='ocrx_word' id='word_1_151' title='bbox 1094 1410 1115 1433; x_wconf 86' lang='lat' dir='ltr'>a</span> <span class='ocrx_word' id='word_1_152' title='bbox 1134 1399 1227 1433; x_wconf 90' lang='lat' dir='ltr'>binis</span> <span class='ocrx_word' id='word_1_153' title='bbox 1248 1398 1539 1442; x_wconf 70' lang='lat' dir='ltr'>praecedentibus</span> <span class='ocrx_word' id='word_1_154' title='bbox 1562 1398 1672 1432; x_wconf 88' lang='lat' dir='ltr'>ramis</span> <span class='ocrx_word' id='word_1_155' title='bbox 1698 1396 1886 1431; x_wconf 87' lang='lat' dir='ltr'>abbrevia-</span> 
     </span>
     <span class='ocr_line' id='line_1_22' title="bbox 328 1446 1367 1491; baseline -0.001 -10"><span class='ocrx_word' id='word_1_156' title='bbox 328 1447 374 1481; x_wconf 90' lang='lat' dir='ltr'>tis</span> <span class='ocrx_word' id='word_1_157' title='bbox 395 1446 505 1481; x_wconf 89' lang='lat' dir='ltr'>dense</span> <span class='ocrx_word' id='word_1_158' title='bbox 523 1448 719 1481; x_wconf 86' lang='lat' dir='ltr'>coarctatis</span> <span class='ocrx_word' id='word_1_159' title='bbox 739 1451 774 1482; x_wconf 87' lang='lat' dir='ltr'>et</span> <span class='ocrx_word' id='word_1_160' title='bbox 790 1447 1000 1481; x_wconf 88' lang='lat' dir='ltr'>indumento</span> <span class='ocrx_word' id='word_1_161' title='bbox 1018 1451 1168 1491; x_wconf 85' lang='lat' dir='ltr'>patente</span> <span class='ocrx_word' id='word_1_162' title='bbox 1188 1446 1367 1481; x_wconf 89' lang='lat' dir='ltr'>foliorum.</span> 
     </span>
    </p>
   </div>
   <div class='ocr_carea' id='block_1_8' title="bbox 212 1580 1074 1632">
    <p class='ocr_par' dir='ltr' id='par_1_9' title="bbox 212 1580 1074 1632">
     <span class='ocr_line' id='line_1_23' title="bbox 212 1580 1074 1632; baseline 0 -12"><span class='ocrx_word' id='word_1_163' title='bbox 212 1582 303 1629; x_wconf 86' lang='lat'>320,</span> <span class='ocrx_word' id='word_1_164' title='bbox 334 1582 429 1632; x_wconf 90' lang='lat' dir='ltr'>post</span> <span class='ocrx_word' id='word_1_165' title='bbox 448 1581 507 1620; x_wconf 89' lang='lat' dir='ltr'>A.</span> <span class='ocrx_word' id='word_1_166' title='bbox 529 1580 885 1631; x_wconf 78' lang='lat' dir='ltr'>lonqistylum</span> <span class='ocrx_word' id='word_1_167' title='bbox 905 1580 1042 1621; x_wconf 88' lang='lat' dir='ltr'>insere</span> <span class='ocrx_word' id='word_1_168' title='bbox 1065 1593 1074 1620; x_wconf 90' lang='lat'><strong>:</strong></span> 
     </span>
    </p>
   </div>
   <div class='ocr_carea' id='block_1_9' title="bbox 314 1661 1890 2201">
    <p class='ocr_par' dir='ltr' id='par_1_10' title="bbox 314 1661 1890 2139">
     <span class='ocr_line' id='line_1_24' title="bbox 367 1661 1887 1715; baseline -0.001 -11"><span class='ocrx_word' id='word_1_169' title='bbox 367 1665 424 1704; x_wconf 93' lang='lat' dir='ltr'>A.</span> <span class='ocrx_word' id='word_1_170' title='bbox 460 1665 889 1715; x_wconf 85' lang='lat' dir='ltr'>phyllostachys‚</span> <span class='ocrx_word' id='word_1_171' title='bbox 919 1663 1158 1712; x_wconf 88' lang='lat' dir='ltr'>fruticosus,</span> <span class='ocrx_word' id='word_1_172' title='bbox 1189 1664 1316 1705; x_wconf 88' lang='lat' dir='ltr'>ramis</span> <span class='ocrx_word' id='word_1_173' title='bbox 1342 1665 1434 1704; x_wconf 72' lang='lat' dir='ltr'>tota</span> <span class='ocrx_word' id='word_1_174' title='bbox 1458 1663 1720 1715; x_wconf 81' lang='lat' dir='ltr'>longitudine</span> <span class='ocrx_word' id='word_1_175' title='bbox 1740 1661 1887 1703; x_wconf 87' lang='lat' dir='ltr'>crebre</span> 
     </span>
     <span class='ocr_line' id='line_1_25' title="bbox 314 1715 1888 1770; baseline -0.003 -12"><span class='ocrx_word' id='word_1_176' title='bbox 314 1716 469 1758; x_wconf 85' lang='lat' dir='ltr'>foliosis</span> <span class='ocrx_word' id='word_1_177' title='bbox 490 1720 533 1758; x_wconf 87' lang='lat' dir='ltr'>et</span> <span class='ocrx_word' id='word_1_178' title='bbox 551 1716 759 1766; x_wconf 87' lang='lat' dir='ltr'>floriferis,</span> <span class='ocrx_word' id='word_1_179' title='bbox 781 1717 946 1770; x_wconf 89' lang='lat' dir='ltr'>petiolis</span> <span class='ocrx_word' id='word_1_180' title='bbox 965 1717 1179 1769; x_wconf 90' lang='lat' dir='ltr'>puberulis</span> <span class='ocrx_word' id='word_1_181' title='bbox 1200 1717 1317 1769; x_wconf 84' lang='lat' dir='ltr'>apice</span> <span class='ocrx_word' id='word_1_182' title='bbox 1335 1717 1579 1758; x_wconf 89' lang='lat' dir='ltr'>brevissime</span> <span class='ocrx_word' id='word_1_183' title='bbox 1599 1715 1774 1768; x_wconf 89' lang='lat' dir='ltr'>spinosis</span> <span class='ocrx_word' id='word_1_184' title='bbox 1795 1716 1888 1755; x_wconf 77' lang='lat' dir='ltr'>tota</span> 
     </span>
     <span class='ocr_line' id='line_1_26' title="bbox 315 1767 1887 1822; baseline -0.002 -12"><span class='ocrx_word' id='word_1_185' title='bbox 315 1769 578 1821; x_wconf 80' lang='lat' dir='ltr'>longitudine</span> <span class='ocrx_word' id='word_1_186' title='bbox 597 1769 810 1819; x_wconf 90' lang='lat' dir='ltr'>foliolosis,</span> <span class='ocrx_word' id='word_1_187' title='bbox 831 1769 938 1810; x_wconf 90' lang='lat' dir='ltr'>foliis</span> <span class='ocrx_word' id='word_1_188' title='bbox 962 1770 1285 1822; x_wconf 88' lang='lat' dir='ltr'>approximatim</span> <span class='ocrx_word' id='word_1_189' title='bbox 1298 1769 1511 1821; x_wconf 84' lang='lat' dir='ltr'>4-5-jugis,</span> <span class='ocrx_word' id='word_1_190' title='bbox 1528 1768 1677 1809; x_wconf 88' lang='lat' dir='ltr'>foliolis</span> <span class='ocrx_word' id='word_1_191' title='bbox 1693 1767 1887 1819; x_wconf 90' lang='lat' dir='ltr'>ellipticis</span> 
     </span>
     <span class='ocr_line' id='line_1_27' title="bbox 317 1820 1887 1875; baseline -0.002 -12"><span class='ocrx_word' id='word_1_192' title='bbox 317 1822 495 1874; x_wconf 80' lang='lat' dir='ltr'>abrupte</span> <span class='ocrx_word' id='word_1_193' title='bbox 524 1823 700 1875; x_wconf 88' lang='lat' dir='ltr'>spinosis</span> <span class='ocrx_word' id='word_1_194' title='bbox 720 1823 922 1864; x_wconf 88' lang='lat' dir='ltr'>viridibus</span> <span class='ocrx_word' id='word_1_195' title='bbox 956 1823 1150 1863; x_wconf 85' lang='lat' dir='ltr'>elevatim</span> <span class='ocrx_word' id='word_1_196' title='bbox 1178 1823 1408 1863; x_wconf 89' lang='lat' dir='ltr'>nervulosis</span> <span class='ocrx_word' id='word_1_197' title='bbox 1437 1834 1565 1873; x_wconf 88' lang='lat' dir='ltr'>supra</span> <span class='ocrx_word' id='word_1_198' title='bbox 1622 1820 1887 1862; x_wconf 88' lang='lat' dir='ltr'>labriusculis</span> 
     </span>
     <span class='ocr_line' id='line_1_28' title="bbox 316 1872 1888 1928; baseline -0.002 -12"><span class='ocrx_word' id='word_1_199' title='bbox 316 1875 464 1916; x_wconf 91' lang='lat' dir='ltr'>subtus</span> <span class='ocrx_word' id='word_1_200' title='bbox 484 1876 663 1928; x_wconf 81' lang='lat' dir='ltr'>sparsim</span> <span class='ocrx_word' id='word_1_201' title='bbox 682 1875 911 1927; x_wconf 88' lang='lat' dir='ltr'>puberulis,</span> <span class='ocrx_word' id='word_1_202' title='bbox 934 1875 1097 1927; x_wconf 91' lang='lat' dir='ltr'>stipulis</span> <span class='ocrx_word' id='word_1_203' title='bbox 1118 1876 1250 1916; x_wconf 89' lang='lat' dir='ltr'>ovatis</span> <span class='ocrx_word' id='word_1_204' title='bbox 1266 1875 1452 1916; x_wconf 87' lang='lat' dir='ltr'>breviter</span> <span class='ocrx_word' id='word_1_205' title='bbox 1471 1875 1585 1926; x_wconf 93' lang='lat' dir='ltr'>cuspi</span> <span class='ocrx_word' id='word_1_206' title='bbox 1619 1875 1714 1922; x_wconf 87' lang='lat' dir='ltr'>atis,</span> <span class='ocrx_word' id='word_1_207' title='bbox 1736 1872 1888 1914; x_wconf 89' lang='lat' dir='ltr'>florum</span> 
     </span>
     <span class='ocr_line' id='line_1_29' title="bbox 315 1925 1888 1980; baseline -0.002 -11"><span class='ocrx_word' id='word_1_208' title='bbox 315 1927 521 1969; x_wconf 85' lang='lat' dir='ltr'>fasciculis</span> <span class='ocrx_word' id='word_1_209' title='bbox 542 1928 785 1969; x_wconf 86' lang='lat' dir='ltr'>axillaribus</span> <span class='ocrx_word' id='word_1_210' title='bbox 804 1940 924 1969; x_wconf 86' lang='lat' dir='ltr'>secus</span> <span class='ocrx_word' id='word_1_211' title='bbox 944 1932 1081 1969; x_wconf 88' lang='lat' dir='ltr'>totum</span> <span class='ocrx_word' id='word_1_212' title='bbox 1106 1940 1269 1969; x_wconf 90' lang='lat' dir='ltr'>ramum</span> <span class='ocrx_word' id='word_1_213' title='bbox 1289 1928 1447 1980; x_wconf 86' lang='lat' dir='ltr'>spicam</span> <span class='ocrx_word' id='word_1_214' title='bbox 1467 1926 1738 1979; x_wconf 89' lang='lat' dir='ltr'>cylindricam</span> <span class='ocrx_word' id='word_1_215' title='bbox 1758 1925 1888 1967; x_wconf 83' lang='lat' dir='ltr'>conti-</span> 
     </span>
     <span class='ocr_line' id='line_1_30' title="bbox 314 1978 1889 2030; baseline -0.002 -9"><span class='ocrx_word' id='word_1_216' title='bbox 314 1993 441 2022; x_wconf 89' lang='lat' dir='ltr'>nuam</span> <span class='ocrx_word' id='word_1_217' title='bbox 467 1980 759 2030; x_wconf 82' lang='lat' dir='ltr'>formantibus,</span> <span class='ocrx_word' id='word_1_218' title='bbox 787 1981 969 2022; x_wconf 85' lang='lat' dir='ltr'>bracteis</span> <span class='ocrx_word' id='word_1_219' title='bbox 994 1981 1221 2022; x_wconf 85' lang='lat' dir='ltr'>linearibus</span> <span class='ocrx_word' id='word_1_220' title='bbox 1246 1980 1555 2021; x_wconf 87' lang='lat' dir='ltr'>navicularibus</span> <span class='ocrx_word' id='word_1_221' title='bbox 1580 1980 1750 2027; x_wconf 88' lang='lat' dir='ltr'>villosis,</span> <span class='ocrx_word' id='word_1_222' title='bbox 1780 1978 1889 2030; x_wconf 85' lang='lat' dir='ltr'>caly-</span> 
     </span>
     <span class='ocr_line' id='line_1_31' title="bbox 316 2031 1890 2086; baseline -0.002 -12"><span class='ocrx_word' id='word_1_223' title='bbox 316 2034 372 2074; x_wconf 93' lang='lat' dir='ltr'>cis</span> <span class='ocrx_word' id='word_1_224' title='bbox 389 2045 568 2086; x_wconf 88' lang='lat' dir='ltr'>superne</span> <span class='ocrx_word' id='word_1_225' title='bbox 582 2034 828 2074; x_wconf 88' lang='lat' dir='ltr'>albo-lanati</span> <span class='ocrx_word' id='word_1_226' title='bbox 843 2034 1039 2075; x_wconf 90' lang='lat' dir='ltr'>dentibus</span> <span class='ocrx_word' id='word_1_227' title='bbox 1052 2033 1155 2074; x_wconf 91' lang='lat' dir='ltr'>tubo</span> <span class='ocrx_word' id='word_1_228' title='bbox 1171 2034 1299 2074; x_wconf 75' lang='lat' dir='ltr'>tertia</span> <span class='ocrx_word' id='word_1_229' title='bbox 1311 2036 1433 2086; x_wconf 91' lang='lat' dir='ltr'>parte</span> <span class='ocrx_word' id='word_1_230' title='bbox 1447 2032 1722 2081; x_wconf 89' lang='lat' dir='ltr'>brevioribus,</span> <span class='ocrx_word' id='word_1_231' title='bbox 1738 2031 1890 2073; x_wconf 82' lang='lat' dir='ltr'>vexillo</span> 
     </span>
     <span class='ocr_line' id='line_1_32' title="bbox 315 2085 1508 2139; baseline 0 -13"><span class='ocrx_word' id='word_1_232' title='bbox 315 2087 456 2139; x_wconf 88' lang='lat' dir='ltr'>calyce</span> <span class='ocrx_word' id='word_1_233' title='bbox 476 2086 601 2139; x_wconf 89' lang='lat' dir='ltr'>duplo</span> <span class='ocrx_word' id='word_1_234' title='bbox 621 2087 823 2139; x_wconf 90' lang='lat' dir='ltr'>longiore,</span> <span class='ocrx_word' id='word_1_235' title='bbox 845 2086 953 2139; x_wconf 87' lang='lat' dir='ltr'>stylo</span> <span class='ocrx_word' id='word_1_236' title='bbox 969 2086 1061 2127; x_wconf 91' lang='lat' dir='ltr'>basi</span> <span class='ocrx_word' id='word_1_237' title='bbox 1081 2088 1257 2138; x_wconf 72' lang='lat' dir='ltr'>excepta</span> <span class='ocrx_word' id='word_1_238' title='bbox 1276 2085 1422 2138; x_wconf 85' lang='lat' dir='ltr'>glabro</span> <span class='ocrx_word' id='word_1_239' title='bbox 1455 2099 1481 2137; x_wconf 80' lang='lat'><em>5</em></span> <span class='ocrx_word' id='word_1_240' title='bbox 1499 2117 1508 2126; x_wconf 88' lang='lat'><strong>.</strong></span> 
     </span>
    </p>

    <p class='ocr_par' dir='ltr' id='par_1_11' title="bbox 375 2156 1360 2201">
     <span class='ocr_line' id='line_1_33' title="bbox 375 2156 1360 2201; baseline -0.001 -10"><span class='ocrx_word' id='word_1_241' title='bbox 375 2156 468 2191; x_wconf 87' lang='lat' dir='ltr'>Hab.</span> <span class='ocrx_word' id='word_1_242' title='bbox 486 2157 523 2191; x_wconf 92' lang='lat' dir='ltr'>in</span> <span class='ocrx_word' id='word_1_243' title='bbox 539 2156 651 2191; x_wconf 83' lang='lat' dir='ltr'>aridis</span> <span class='ocrx_word' id='word_1_244' title='bbox 671 2157 806 2191; x_wconf 87' lang='lat' dir='ltr'>Persiae</span> <span class='ocrx_word' id='word_1_245' title='bbox 828 2157 924 2191; x_wconf 88' lang='lat' dir='ltr'>circa</span> <span class='ocrx_word' id='word_1_246' title='bbox 945 2156 1138 2191; x_wconf 86' lang='lat' dir='ltr'>Hamadan</span> <span class='ocrx_word' id='word_1_247' title='bbox 1157 2156 1360 2201; x_wconf 79' lang='lat' dir='ltr'>(Pichlerl).</span> 
     </span>
    </p>
   </div>
   <div class='ocr_carea' id='block_1_10' title="bbox 327 2219 1891 2502">
    <p class='ocr_par' dir='ltr' id='par_1_12' title="bbox 327 2219 1891 2502">
     <span class='ocr_line' id='line_1_34' title="bbox 374 2219 1888 2265; baseline -0.002 -9"><span class='ocrx_word' id='word_1_248' title='bbox 374 2221 479 2256; x_wconf 86' lang='lat' dir='ltr'>Rami</span> <span class='ocrx_word' id='word_1_249' title='bbox 506 2226 613 2265; x_wconf 83' lang='lat' dir='ltr'>parte</span> <span class='ocrx_word' id='word_1_250' title='bbox 638 2221 801 2256; x_wconf 77' lang='lat' dir='ltr'>florifera</span> <span class='ocrx_word' id='word_1_251' title='bbox 826 2221 1110 2265; x_wconf 84' lang='lat' dir='ltr'>5-6-pollicares,</span> <span class='ocrx_word' id='word_1_252' title='bbox 1139 2221 1229 2255; x_wconf 85' lang='lat' dir='ltr'>folia</span> <span class='ocrx_word' id='word_1_253' title='bbox 1259 2221 1429 2264; x_wconf 90' lang='lat' dir='ltr'>pollicem</span> <span class='ocrx_word' id='word_1_254' title='bbox 1460 2220 1571 2264; x_wconf 86' lang='lat' dir='ltr'>longa</span> <span class='ocrx_word' id='word_1_255' title='bbox 1596 2219 1817 2255; x_wconf 83' lang='lat' dir='ltr'>creberrima</span> <span class='ocrx_word' id='word_1_256' title='bbox 1844 2229 1888 2253; x_wconf 85' lang='lat' dir='ltr'>ex</span> 
     </span>
     <span class='ocr_line' id='line_1_35' title="bbox 330 2266 1891 2312; baseline -0.001 -11"><span class='ocrx_word' id='word_1_257' title='bbox 330 2269 431 2311; x_wconf 78' lang='lat' dir='ltr'>spica</span> <span class='ocrx_word' id='word_1_258' title='bbox 449 2274 605 2312; x_wconf 84' lang='lat' dir='ltr'>exserta,</span> <span class='ocrx_word' id='word_1_259' title='bbox 626 2268 753 2303; x_wconf 86' lang='lat' dir='ltr'>foliola</span> <span class='ocrx_word' id='word_1_260' title='bbox 770 2270 829 2303; x_wconf 87' lang='lat'>3—3</span> <span class='ocrx_word' id='word_1_261' title='bbox 844 2267 878 2306; x_wconf 78' lang='lat' dir='ltr'>¹l2</span> <span class='ocrx_word' id='word_1_262' title='bbox 909 2269 1023 2303; x_wconf 88' lang='lat' dir='ltr'>lineas</span> <span class='ocrx_word' id='word_1_263' title='bbox 1050 2268 1170 2312; x_wconf 87' lang='lat' dir='ltr'>longa,</span> <span class='ocrx_word' id='word_1_264' title='bbox 1193 2268 1298 2312; x_wconf 87' lang='lat' dir='ltr'>calyx</span> <span class='ocrx_word' id='word_1_265' title='bbox 1319 2270 1340 2302; x_wconf 86' lang='lat'>3</span> <span class='ocrx_word' id='word_1_266' title='bbox 1361 2268 1486 2311; x_wconf 86' lang='lat' dir='ltr'>lineas,</span> <span class='ocrx_word' id='word_1_267' title='bbox 1512 2267 1686 2302; x_wconf 85' lang='lat' dir='ltr'>vexillum</span> <span class='ocrx_word' id='word_1_268' title='bbox 1712 2270 1732 2301; x_wconf 86' lang='lat'>5</span> <span class='ocrx_word' id='word_1_269' title='bbox 1750 2266 1784 2308; x_wconf 62' lang='grc' dir='ltr'>Ἲς</span> <span class='ocrx_word' id='word_1_270' title='bbox 1815 2266 1891 2300; x_wconf 89' lang='lat' dir='ltr'>lon-</span> 
     </span>
     <span class='ocr_line' id='line_1_36' title="bbox 328 2313 1890 2360; baseline -0.001 -11"><span class='ocrx_word' id='word_1_271' title='bbox 328 2327 423 2359; x_wconf 85' lang='lat' dir='ltr'>gum.</span> <span class='ocrx_word' id='word_1_272' title='bbox 445 2315 501 2349; x_wconf 92' lang='lat' dir='ltr'>Ab</span> <span class='ocrx_word' id='word_1_273' title='bbox 521 2316 568 2350; x_wconf 88' lang='lat' dir='ltr'>A.</span> <span class='ocrx_word' id='word_1_274' title='bbox 589 2315 716 2359; x_wconf 75' lang='lat' dir='ltr'>Sofico,</span> <span class='ocrx_word' id='word_1_275' title='bbox 737 2316 930 2360; x_wconf 74' lang='lat' dir='ltr'>lonyistylo</span> <span class='ocrx_word' id='word_1_276' title='bbox 951 2321 987 2350; x_wconf 87' lang='lat' dir='ltr'>et</span> <span class='ocrx_word' id='word_1_277' title='bbox 1013 2316 1202 2359; x_wconf 68' lang='lat' dir='ltr'>leucoptz&#39;lo</span> <span class='ocrx_word' id='word_1_278' title='bbox 1222 2314 1356 2350; x_wconf 90' lang='lat' dir='ltr'>foliolis</span> <span class='ocrx_word' id='word_1_279' title='bbox 1378 2314 1578 2358; x_wconf 84' lang='lat' dir='ltr'>majoribus</span> <span class='ocrx_word' id='word_1_280' title='bbox 1597 2313 1758 2349; x_wconf 86' lang='lat' dir='ltr'>nervosi&#39;s</span> <span class='ocrx_word' id='word_1_281' title='bbox 1778 2323 1890 2357; x_wconf 86' lang='lat' dir='ltr'>supra</span> 
     </span>
     <span class='ocr_line' id='line_1_37' title="bbox 328 2361 1889 2406; baseline -0.001 -10"><span class='ocrx_word' id='word_1_282' title='bbox 328 2362 466 2406; x_wconf 89' lang='lat' dir='ltr'>glabris</span> <span class='ocrx_word' id='word_1_283' title='bbox 487 2363 690 2397; x_wconf 85' lang='lat' dir='ltr'>distinctus.</span> <span class='ocrx_word' id='word_1_284' title='bbox 711 2362 984 2397; x_wconf 84' lang='lat' dir='ltr'>Inflorescentia</span> <span class='ocrx_word' id='word_1_285' title='bbox 1006 2362 1116 2397; x_wconf 87' lang='lat' dir='ltr'>dense</span> <span class='ocrx_word' id='word_1_286' title='bbox 1136 2363 1277 2406; x_wconf 88' lang='lat' dir='ltr'>spicata</span> <span class='ocrx_word' id='word_1_287' title='bbox 1296 2363 1344 2397; x_wconf 84' lang='lat' dir='ltr'>A.</span> <span class='ocrx_word' id='word_1_288' title='bbox 1367 2362 1537 2406; x_wconf 79' lang='lat' dir='ltr'>mesoleii,</span> <span class='ocrx_word' id='word_1_289' title='bbox 1557 2361 1793 2405; x_wconf 77' lang='lat' dir='ltr'>Atropatani‚</span> <span class='ocrx_word' id='word_1_290' title='bbox 1820 2366 1889 2394; x_wconf 89' lang='lat' dir='ltr'>etc.</span> 
     </span>
     <span class='ocr_line' id='line_1_38' title="bbox 327 2408 1889 2454; baseline -0.001 -11"><span class='ocrx_word' id='word_1_291' title='bbox 327 2409 476 2444; x_wconf 89' lang='lat' dir='ltr'>floribus</span> <span class='ocrx_word' id='word_1_292' title='bbox 494 2410 608 2444; x_wconf 87' lang='lat' dir='ltr'>multo</span> <span class='ocrx_word' id='word_1_293' title='bbox 625 2409 822 2444; x_wconf 89' lang='lat' dir='ltr'>minoribus</span> <span class='ocrx_word' id='word_1_294' title='bbox 843 2409 1078 2444; x_wconf 87' lang='lat' dir='ltr'>diversorum.</span> <span class='ocrx_word' id='word_1_295' title='bbox 1098 2410 1244 2453; x_wconf 88' lang='lat' dir='ltr'>Species</span> <span class='ocrx_word' id='word_1_296' title='bbox 1270 2420 1350 2443; x_wconf 91' lang='lat' dir='ltr'>cum</span> <span class='ocrx_word' id='word_1_297' title='bbox 1370 2410 1417 2444; x_wconf 88' lang='lat' dir='ltr'>A.</span> <span class='ocrx_word' id='word_1_298' title='bbox 1437 2409 1636 2454; x_wconf 76' lang='lat' dir='ltr'>yossypino</span> <span class='ocrx_word' id='word_1_299' title='bbox 1656 2419 1730 2443; x_wconf 84' lang='lat' dir='ltr'>var.</span> <span class='ocrx_word' id='word_1_300' title='bbox 1746 2408 1889 2453; x_wconf 77' lang='lat' dir='ltr'>phyllo-</span> 
     </span>
     <span class='ocr_line' id='line_1_39' title="bbox 329 2456 850 2502; baseline -0.002 -11"><span class='ocrx_word' id='word_1_301' title='bbox 329 2457 475 2502; x_wconf 78' lang='lat' dir='ltr'>stachye</span> <span class='ocrx_word' id='word_1_302' title='bbox 493 2467 565 2491; x_wconf 91' lang='lat' dir='ltr'>non</span> <span class='ocrx_word' id='word_1_303' title='bbox 585 2456 850 2491; x_wconf 87' lang='lat' dir='ltr'>confundenda.</span> 
     </span>
    </p>
   </div>
   <div class='ocr_carea' id='block_1_11' title="bbox 213 2586 1569 2719">
    <p class='ocr_par' dir='ltr' id='par_1_13' title="bbox 213 2586 1569 2719">
     <span class='ocr_line' id='line_1_40' title="bbox 213 2586 820 2635; baseline 0 -8"><span class='ocrx_word' id='word_1_304' title='bbox 213 2589 304 2635; x_wconf 82' lang='lat'>338,</span> <span class='ocrx_word' id='word_1_305' title='bbox 334 2587 393 2627; x_wconf 87' lang='lat' dir='ltr'>A.</span> <span class='ocrx_word' id='word_1_306' title='bbox 416 2587 658 2635; x_wconf 86' lang='lat' dir='ltr'>echinus,</span> <span class='ocrx_word' id='word_1_307' title='bbox 682 2586 790 2628; x_wconf 87' lang='lat' dir='ltr'>adde</span> <span class='ocrx_word' id='word_1_308' title='bbox 812 2599 820 2627; x_wconf 74' lang='grc' dir='ltr'>ε</span> 
     </span>
     <span class='ocr_line' id='line_1_41' title="bbox 374 2673 1569 2719; baseline -0.002 -11"><span class='ocrx_word' id='word_1_309' title='bbox 374 2674 467 2708; x_wconf 85' lang='lat' dir='ltr'>Hab.</span> <span class='ocrx_word' id='word_1_310' title='bbox 485 2675 521 2709; x_wconf 92' lang='lat' dir='ltr'>in</span> <span class='ocrx_word' id='word_1_311' title='bbox 541 2674 722 2709; x_wconf 82' lang='lat' dir='ltr'>montibus</span> <span class='ocrx_word' id='word_1_312' title='bbox 744 2674 853 2719; x_wconf 90' lang='lat' dir='ltr'>Cypri</span> <span class='ocrx_word' id='word_1_313' title='bbox 873 2684 988 2718; x_wconf 89' lang='lat' dir='ltr'>prope</span> <span class='ocrx_word' id='word_1_314' title='bbox 1008 2673 1146 2708; x_wconf 90' lang='lat' dir='ltr'>Evriko</span> <span class='ocrx_word' id='word_1_315' title='bbox 1168 2674 1271 2717; x_wconf 88' lang='lat' dir='ltr'>(Sint.</span> <span class='ocrx_word' id='word_1_316' title='bbox 1293 2678 1329 2708; x_wconf 86' lang='lat' dir='ltr'>et</span> <span class='ocrx_word' id='word_1_317' title='bbox 1348 2673 1440 2717; x_wconf 86' lang='lat' dir='ltr'>Rigo</span> <span class='ocrx_word' id='word_1_318' title='bbox 1458 2673 1569 2717; x_wconf 69' lang='grc'>8141).</span> 
     </span>
    </p>
   </div>
   <div class='ocr_carea' id='block_1_12' title="bbox 211 2805 1152 2857">
    <p class='ocr_par' dir='ltr' id='par_1_14' title="bbox 211 2805 1152 2857">
     <span class='ocr_line' id='line_1_42' title="bbox 211 2805 1152 2857; baseline 0 -11"><span class='ocrx_word' id='word_1_319' title='bbox 211 2808 302 2854; x_wconf 81' lang='lat'>345,</span> <span class='ocrx_word' id='word_1_320' title='bbox 334 2809 430 2857; x_wconf 88' lang='lat' dir='ltr'>post</span> <span class='ocrx_word' id='word_1_321' title='bbox 449 2805 509 2845; x_wconf 85' lang='lat' dir='ltr'>A.</span> <span class='ocrx_word' id='word_1_322' title='bbox 535 2806 965 2846; x_wconf 84' lang='lat' dir='ltr'>Cerasocrenum</span> <span class='ocrx_word' id='word_1_323' title='bbox 984 2805 1122 2846; x_wconf 88' lang='lat' dir='ltr'>insere</span> <span class='ocrx_word' id='word_1_324' title='bbox 1144 2817 1152 2845; x_wconf 92' lang='lat'>:</span> 
     </span>
    </p>
   </div>
   <div class='ocr_carea' id='block_1_13' title="bbox 317 2890 1889 2997">
    <p class='ocr_par' dir='ltr' id='par_1_15' title="bbox 317 2890 1889 2997">
     <span class='ocr_line' id='line_1_43' title="bbox 368 2890 1886 2945; baseline -0.001 -13"><span class='ocrx_word' id='word_1_325' title='bbox 368 2893 425 2932; x_wconf 90' lang='lat' dir='ltr'>A.</span> <span class='ocrx_word' id='word_1_326' title='bbox 454 2892 822 2933; x_wconf 79' lang='lat' dir='ltr'>strobiliierus</span> <span class='ocrx_word' id='word_1_327' title='bbox 849 2893 929 2945; x_wconf 90' lang='lat' dir='ltr'>(Ro</span> <span class='ocrx_word' id='word_1_328' title='bbox 959 2892 997 2934; x_wconf 90' lang='lat' dir='ltr'>le</span> <span class='ocrx_word' id='word_1_329' title='bbox 1021 2892 1087 2934; x_wconf 89' lang='lat' dir='ltr'>Ill.</span> <span class='ocrx_word' id='word_1_330' title='bbox 1119 2895 1192 2933; x_wconf 87' lang='lat'>199</span> <span class='ocrx_word' id='word_1_331' title='bbox 1215 2915 1266 2921; x_wconf 93' lang='lat'>—</span> <span class='ocrx_word' id='word_1_332' title='bbox 1293 2891 1441 2933; x_wconf 88' lang='lat' dir='ltr'>Camb.</span> <span class='ocrx_word' id='word_1_333' title='bbox 1467 2892 1510 2932; x_wconf 92' lang='lat' dir='ltr'>in</span> <span class='ocrx_word' id='word_1_334' title='bbox 1535 2891 1754 2944; x_wconf 86' lang='lat' dir='ltr'>Jacquem.</span> <span class='ocrx_word' id='word_1_335' title='bbox 1782 2890 1886 2941; x_wconf 84' lang='lat' dir='ltr'>Voy.</span> 
     </span>
     <span class='ocr_line' id='line_1_44' title="bbox 317 2943 1889 2997; baseline -0.002 -11"><span class='ocrx_word' id='word_1_336' title='bbox 317 2948 381 2994; x_wconf 83' lang='lat'>39,</span> <span class='ocrx_word' id='word_1_337' title='bbox 410 2945 499 2986; x_wconf 87' lang='lat' dir='ltr'>tab.</span> <span class='ocrx_word' id='word_1_338' title='bbox 530 2946 598 2994; x_wconf 86' lang='lat'>47)</span> <span class='ocrx_word' id='word_1_339' title='bbox 626 2944 896 2986; x_wconf 80' lang='lat' dir='ltr'>fruticulosus</span> <span class='ocrx_word' id='word_1_340' title='bbox 957 2945 1110 2994; x_wconf 88' lang='lat' dir='ltr'>umilis,</span> <span class='ocrx_word' id='word_1_341' title='bbox 1138 2945 1303 2997; x_wconf 89' lang='lat' dir='ltr'>petiolis</span> <span class='ocrx_word' id='word_1_342' title='bbox 1331 2945 1374 2986; x_wconf 90' lang='lat' dir='ltr'>in</span> <span class='ocrx_word' id='word_1_343' title='bbox 1404 2945 1544 2997; x_wconf 89' lang='lat' dir='ltr'>spinas</span> <span class='ocrx_word' id='word_1_344' title='bbox 1574 2948 1721 2985; x_wconf 89' lang='lat' dir='ltr'>tenues</span> <span class='ocrx_word' id='word_1_345' title='bbox 1740 2943 1889 2987; x_wconf 85' lang='lat' dir='ltr'>breves</span> 
     </span>
    </p>
   </div>
  </div>
 </body>
</html>
