2115 3250
217 204 341 239 Silene.
975 215 1147 239 samnia.
1826 207 1892 242 105

238 285 307 319 Pag.

218 340 310 379 642.
345 339 397 378 S.
419 337 822 389 peduncularis,
845 336 953 377 adde
976 349 984 376 :

381 424 474 458 Hah.
504 425 540 458 in
567 430 688 459 monte
714 424 796 458 Kuh
826 424 960 459 Elbrus
988 424 1133 459 ditionis
1162 424 1245 459 Kuh
1276 425 1453 470 Kilouyoh
1484 426 1617 460 Persiae
1647 427 1760 461 occid.
1788 429 1890 462 9000‘

336 471 540 514 (Haussk.!)
569 476 604 505 et
638 482 714 505 var.
739 472 965 516 macrocalyx
992 471 1114 516 calyce
1143 472 1311 515 elongato
1340 473 1361 505 9
1394 473 1507 506 lineas
1538 473 1644 516 longo
1673 474 1709 507 in
1739 473 1891 509 dumetis

335 519 466 552 montis
483 519 623 553 Sawers
641 519 743 552 9000'
762 518 933 561 (Haussk.
945 520 979 560 !).

217 667 310 713 643,
340 668 435 716 post
459 665 511 704 S.
534 665 960 716 peduncularem
982 666 1117 706 insere
1139 678 1147 705 :

211 1849 302 1895 643,

377 751 427 790 S.
456 751 763 791 Avromana
793 750 945 803 (Boiss.
968 754 1012 791 et
1031 750 1237 802 Haussk.)
1255 751 1486 803 caespitosa‚
1511 752 1698 793 caulibus
1719 764 1741 792 e
1760 752 1893 793 rhizo-

320 806 433 843 mate
453 802 673 844 nodiformi
692 803 888 844 indurato
909 804 1058 844 erectis
1078 802 1239 844 inferne
1263 815 1388 855 parce
1409 803 1561 845 foliosis
1581 804 1761 854 viscidis‚
1785 804 1892 846 foliis

320 855 572 896 radicalibus
606 855 762 907 glabris
794 868 905 908 saepe
939 856 1132 897 elevatim
1165 857 1379 908 punctatis
1417 858 1606 908 margine
1643 857 1890 899 scabridulis

320 907 508 960 oblongis
530 908 689 949 obtusis
716 908 1017 949 mucronulatis
1042 909 1165 960 longe
1191 909 1231 949 in
1260 909 1462 961 petiolum
1494 911 1740 958 attenuatis,
1761 921 1892 962 -supe-

319 961 499 1001 rioribus
525 960 736 1001 viscidulis
763 966 943 1013 anguste
971 961 1199 1002 linearibus
1228 962 1349 1013 longe
1377 962 1598 1011 subulatis‚
1628 962 1797 1003 floribus
1825 965 1891 1003 3-5

318 1013 360 1053 in
381 1024 521 1065 cymas
542 1014 783 1054 terminales
804 1014 1104 1066 approximatis
1123 1014 1301 1066 magnis,
1330 1014 1564 1066 pedunculo
1585 1015 1761 1055 alarium
1782 1015 1891 1067 caly-

319 1077 408 1106 cem
438 1077 548 1117 saepe
573 1070 768 1118 aequante
794 1066 1033 1107 lateralium
1063 1067 1268 1115 breviore,
1302 1067 1441 1118 calyce
1471 1068 1615 1118 glabro
1642 1067 1842 1108 viscidulo
1867 1080 1892 1107 a

318 1118 409 1159 basi
425 1118 670 1160 umbilicata
689 1118 913 1171 cylindrico
934 1119 1088 1160 sensim
1103 1119 1278 1159 dilatato
1298 1118 1513 1160 fructifero
1530 1121 1692 1160 clavato
1710 1121 1892 1161 tenuiter

319 1182 491 1212 nervoso
520 1172 686 1212 enei-vio
717 1171 931 1212 concolore
965 1171 1160 1212 dentibus
1193 1172 1705 1223 triangulari—lanceolatis
1739 1173 1888 1220 acutis,

319 1224 553 1275 petalorum
594 1236 734 1275 ungue
772 1224 918 1276 glabro
957 1236 1035 1265 non
1076 1225 1325 1272 auriculam,
1360 1225 1515 1265 lamina
1546 1225 1805 1266 fuscescente
1837 1225 1890 1265 ad

318 1276 502 1317 medium
534 1276 690 1324 himba,
731 1276 1030 1329 appendicibus
1067 1277 1176 1317 binis
1216 1277 1348 1318 ovatis
1387 1278 1686 1326 massiusculis,
1722 1279 1892 1330 capsula

318 1329 499 1381 oblonga
519 1329 777 1381 carpophoro
793 1329 1109 1381 subaequilonga
1135 1333 1192 1376 91.

375 1399 469 1433 Hab.
490 1400 525 1433 in
545 1400 695 1443 rupibus
717 1400 893 1434 calcareis
913 1400 1087 1434 montium
1109 1402 1293 1434 Avroman
1313 1406 1347 1434 et
1375 1401 1520 1435 Schahu
1541 1400 1788 1435 Kurdistaniae
1805 1402 1890 1436 Per-

330 1446 412 1480 sicae
433 1448 598 1481 7-10000'
618 1447 786 1490 (Haussk.
800 1448 834 1489 !).

378 1509 507 1544 Caules
532 1509 683 1544 floriferi
711 1509 1041 1553 10-15-pollicares‚
1069 1509 1239 1543 foliorum
1273 1509 1482 1543 inferiorum
1518 1510 1651 1543 lamina
1691 1510 1890 1553 ¹l2-l-polli-

333 1557 437 1600 caris,
462 1557 568 1601 calyx
588 1557 756 1600 pollicem
777 1557 917 1601 longus.
939 1556 1107 1599 Quamvis
1130 1556 1237 1600 soliis,
1258 1556 1535 1599 inflorescenffizi,
1556 1557 1683 1590 habitu
1701 1557 1735 1591 S.
1757 1557 1891 1591 Sieberi

330 1608 364 1637 et
381 1603 417 1638 S.
438 1605 603 1638 Astartes
620 1604 745 1637 similis
765 1604 859 1638 inter
879 1603 1178 1648 Soleo-ocalycinas
1197 1610 1318 1638 tamen
1341 1603 1384 1637 ob
1409 1604 1568 1647 calycem
1590 1605 1753 1638 evenium
1777 1605 1889 1638 coria-

330 1661 430 1684 ceum
449 1657 555 1685 acute
576 1650 762 1685 dentatum
784 1650 1012 1684 fructiferum
1033 1651 1098 1684 sub
1117 1651 1268 1693 capsula
1286 1661 1355 1684 non
1375 1650 1529 1693 abrupte
1547 1652 1779 1685 constrictum
1800 1651 1890 1684 mili-

328 1702 383 1731 tat
400 1697 495 1732 foliis
516 1698 637 1741 parvis
658 1697 827 1732 brevibus
850 1697 987 1731 obtusis
1005 1697 1050 1731 ab
1071 1697 1235 1732 omnibus
1257 1697 1427 1731 affinibus
1448 1697 1630 1732 distincta.

332 1850 427 1899 post
450 1848 502 1888 S.
526 1849 821 1888 Armenam
841 1848 978 1888 insere
1001 1860 1009 1887 :

373 1935 426 1974 S.
466 1935 788 1975 solenantha
827 1933 1020 1981 (Trautv.
1060 1934 1153 1975 Act.
1194 1934 1363 1986 Petrop.
1404 1934 1498 1983 VII,
1532 1947 1574 1986 p.
1609 1936 1703 1982 421)
1743 1934 1890 1986 glabra

317 1987 443 2028 dense
470 1987 702 2039 caespitosa,
727 1987 916 2027 caulibus
943 1999 992 2027 ex
1018 1986 1201 2028 caudicis
1228 1987 1355 2027 ramis
1374 1987 1628 2027 brevissimis
1648 1987 1890 2027 incrassatis

317 2041 548 2092 squamosis
574 2040 827 2080 tenuissimis
857 2040 923 2079 vix
947 2039 1166 2091 pedalibus
1191 2040 1446 2092 simplicibus
1475 2040 1539 2080 vel
1565 2051 1689 2091 parce
1716 2040 1889 2080 ramosis

316 2093 526 2144 ramisque
547 2092 731 2133 unifloris
751 2093 936 2140 viscosis,
954 2091 1061 2133 foliis
1074 2092 1328 2133 radicalibus
1344 2092 1471 2133 dense
1487 2093 1694 2143 congestis
1710 2096 1890 2143 anguste

314 2145 541 2186 linearibus
563 2145 849 2186 canaliculatis
871 2145 936 2185 vix
959 2145 1227 2197 pollicaribus
1248 2145 1436 2197 margine
1457 2149 1500 2185 et
1521 2145 1641 2185 dorso
1665 2145 1890 2185 serrulato-

315 2198 488 2246 scabris,
512 2197 685 2239 caulinis
705 2198 877 2238 minutis
897 2197 1103 2238 subulatis
1123 2197 1245 2238 valde
1275 2197 1445 2245 dissitis,
1477 2197 1677 2249 pedicello
1706 2197 1889 2250 calycem

314 2251 602 2302 subaequante,
626 2251 766 2303 calyce
791 2250 1034 2291 umbilicato
1061 2251 1356 2302 angustissime
1382 2250 1574 2291 tubuloso
1602 2250 1773 2291 tandem
1803 2249 1889 2290 lon-

317 2303 484 2355 gissime
505 2303 666 2344 clavato
687 2306 825 2354 [lo-12
846 2303 918 2343 lin.
942 2303 1083 2354 longo)
1107 2304 1291 2344 10-nervi
1322 2303 1516 2344 dentibus
1537 2304 1670 2343 ovatis
1691 2303 1889 2343 scarioso-

313 2356 562 2408 marginatis
583 2356 778 2396 ciliatulis
799 2356 1044 2396 alternatim
1065 2356 1225 2396 obtusis
1247 2359 1290 2397 et
1310 2356 1459 2406 acutis,
1486 2356 1721 2407 petalorum
1741 2355 1890 2414 ungui-

314 2409 392 2449 bus
413 2408 618 2449 edentulis
638 2409 829 2460 margine
850 2408 1059 2455 ciliatulis‚
1082 2408 1238 2448 lamina
1257 2408 1400 2456 bifida,
1418 2408 1716 2460 appendicibus
1735 2419 1889 2459 majus-

316 2461 417 2502 culis
444 2462 592 2510 acutis‚
622 2472 670 2502 ca
701 2461 792 2502 sula
823 2460 1064 2513 ellipsoidea
1089 2461 1250 2501 inclusa
1279 2461 1535 2513 carpophoro
1562 2460 1889 2513 sesquilongiore

313 2513 499 2562 suffulta,
521 2514 668 2555 semini
700 2525 748 2554 us
770 2513 891 2554 dorso
913 2513 1201 2555 canaliculatis
1230 2517 1288 2561 Q.

374 2584 467 2618 Hab.
488 2586 524 2618 in
537 2590 659 2619 monte
675 2584 852 2619 Schalbus
874 2584 969 2628 dagh
988 2584 1245 2628 Daghestaniae
1267 2585 1449 2629 (Becker).

347 2696 353 2703 ·
375 2649 431 2683 Ex
452 2649 497 2683 cl.
518 2654 667 2683 auctore
683 2648 790 2684 valde
813 2648 934 2683 affinis
954 2648 992 2683 S.
1012 2649 1178 2682 Armenoe
1201 2648 1324 2693 calyce
1350 2648 1497 2682 dimidio
1523 2648 1699 2692 breviore,
1721 2654 1800 2691 etc,
1819 2647 1888 2682 dis-

329 2701 463 2730 tlnctae.

212 2842 303 2887 645,
340 2839 393 2879 S.
416 2839 667 2879 radicosa
689 2842 726 2893 β.
751 2837 990 2890 bremflora,
1013 2838 1121 2879 adde
1144 2851 1152 2879 ε

375 2909 468 2944 Hab.
489 2910 525 2943 in
545 2910 727 2945 montibus
750 2910 835 2944 OEta
857 2909 1075 2944 Phthiotidis
1097 2915 1132 2944 et
1153 2909 1277 2943 Korax
1300 2910 1450 2943 AEtoliae
1467 2911 1677 2944 4500-6000'
1699 2909 1885 2953 (Heldr.!›.
