2094 3351
210 245 281 281 206

210 324 276 359 rag.

959 258 1146 282 Rosxcfflz.
1773 249 1880 286 Rosa.

211 380 303 426 672,
330 389 414 413 caso
435 390 548 423 prope
568 380 672 414 Baku
695 380 818 419 (Seidl.
839 381 910 423 67),
933 379 1128 424 Affghania
1152 380 1197 414 ad
1225 380 1425 415 Kandahar
1446 381 1562 424 (Griff.
1583 381 1608 415 f.
1629 381 1763 417 foliolis
1789 382 1886 417 elon·

330 427 437 470 gatis)
460 427 547 461 etin
567 427 664 461 valle
683 427 820 461 Kuram
843 427 978 470 (Aitch.
999 429 1056 472 80,
1075 429 1130 471 89,
1149 428 1269 472 plena,
1290 428 1400 463 dense
1416 428 1644 472 pubescens).

377 488 443 522 Ar.
467 488 606 531 Geogr.
624 490 694 524 Per
724 491 847 524 Asiam
874 490 987 524 occid.
1015 501 1128 534 usque
1156 491 1201 524 ad
1233 490 1344 526 Indiae
1376 491 1533 526 confines
1556 492 1631 526 late
1657 491 1831 536 dispersa,
1851 493 1887 526 in

331 537 478 581 regione
496 537 621 580 alpina
641 537 841 581 Himalayae
861 538 1059 581 interioris;
1076 538 1111 572 in
1128 538 1278 582 Europa
1298 538 1472 574 calidiore
1492 539 1668 583 inquilina
1688 538 1797 574 facta.

369 671 407 709 3.
440 669 460 692 *
483 669 542 709 R.
577 669 875 720 sulphurea
902 669 1005 721 (Ait.
1035 669 1149 711 Kew.
1172 670 1227 719 ΙΙ,
1258 670 1353 721 201)
1380 670 1518 712 frutex
1542 671 1884 721 heteracanthus‚

315 721 469 762 aculeis
490 722 674 762 curvatis
695 722 864 763 aciculis
882 723 988 763 raris
1010 723 1263 764 tenuissimis
1283 724 1551 772 intermixtis,
1572 724 1884 777 microphyllus,

314 773 462 815 foliolis
480 778 546 815 5-7
564 774 963 826 glauco-virentibus
980 776 1128 817 subtus
1142 776 1307 828 pallidis
1325 777 1513 818 obovatis
1529 777 1582 818 ad
1599 777 1719 818 basin
1737 789 1886 819 cunea-

316 827 370 868 tis
399 828 568 879 egregie
592 827 850 879 petiolulatis
883 828 1130 881 simpliciter
1160 829 1222 870 vel
1249 830 1546 871 subbiserratis
1575 842 1702 882 supra
1731 830 1888 881 glabris

314 880 464 921 subtus
484 880 526 921 in
547 881 684 922 nervis
703 881 948 922 brevissime
960 882 1301 934 pubescentibus,
1324 883 1478 935 petiolo
1499 882 1586 924 fere
1605 883 1752 924 inermi
1771 884 1886 935 glan-

317 933 699 986 duloso-puberulo‚
735 934 900 987 stipulis
935 936 1141 987 angustis,
1181 934 1353 982 floribus
1385 936 1582 977 solitariis
1617 936 1885 985 obi-acteatis‚

316 986 550 1038 pedunculo
580 987 704 1039 longo
734 998 828 1029 cum
859 988 1124 1040 receptaculo
1155 988 1469 1041 hemisphaerico
1496 988 1701 1042 dorsoque
1729 989 1889 1049 sepalo—

319 1052 410 1080 rum
435 1039 616 1092 hispido·
648 1040 832 1082 uberulis
859 1041 996 1082 rarius
1028 1041 1213 1090 laevibus,
1248 1042 1399 1094 sepalis
1425 1043 1674 1083 acuminatis
1702 1042 1887 1084 ind1visis

316 1093 451 1134 rarius
472 1105 606 1146 appen
640 1094 821 1143 iculatis,
838 1094 993 1135 corolla
1012 1094 1150 1136 media
1168 1095 1409 1147 sulphurea,
1426 1096 1544 1149 stylis
1560 1095 1755 1137 brevibus
1776 1095 1888 1137 albo-

315 1147 576 1195 tomentosis,
599 1147 776 1188 urceolis
801 1148 979 1188 maturis
1005 1148 1185 1200 globosis
1212 1148 1364 1201 sepalis
1389 1149 1633 1200 patentibus
1659 1149 1735 1190 sub
1769 1148 1890 1190 ersis-

316 1199 501 1240 tentibus
521 1200 673 1252 saepius
702 1199 869 1241 demum
887 1200 1086 1242 deciduis.
1111 1225 1160 1229 —
1179 1201 1238 1243 R.
1261 1201 1505 1253 Bzmqeana
1524 1201 1658 1243 Boiss.
1687 1206 1730 1243 et
1787 1200 1889 1243 uhse

316 1251 453 1301 Aufz.,
507 1285 516 1293 .
538 1255 603 1301 84,
626 1253 715 1294 tab.
739 1256 777 1294 6.
799 1277 851 1282 —
870 1253 927 1295 R.
950 1253 1118 1308 Rapini
1137 1254 1271 1295 Boiss.
1294 1259 1337 1296 et
1361 1254 1454 1296 Bal.
1477 1254 1540 1296 Fl.
1559 1254 1632 1297 Or.
1654 1255 1709 1304 11,
1731 1267 1773 1308 p.
1795 1257 1886 1297 672.

317 1305 441 1357 Crep.
499 1306 593 1346 rim.
616 1305 671 1355 H,
695 1309 786 1347 216.

375 1376 468 1410 Hab.
490 1377 614 1425 Persia
632 1376 710 1411 bor.
731 1377 766 1411 in
786 1383 907 1412 monte
928 1377 1063 1412 Elbrus
1085 1378 1220 1421 (Buhse
1240 1380 1319 1422 341,
1339 1380 1436 1422 437),
1457 1378 1690 1422 Cappadocia
1710 1378 1755 1413 ad
1773 1379 1889 1415 Caesa-

329 1434 427 1458 ream
450 1423 561 1467 (Bal.;
579 1424 696 1458 ambae
712 1424 837 1458 formae
852 1424 1062 1459 indumento
1077 1425 1489 1470 puberulo-glanduloso
1503 1425 1548 1460 ab
1563 1425 1831 1462 inflorescentia
1844 1426 1889 1461 ad

329 1470 488 1504 ramulos
521 1470 764 1506 descendente
797 1472 981 1516 insignes),
1008 1472 1154 1507 Galatia
1181 1473 1228 1507 ad
1258 1475 1440 1518 Ancyram
1472 1473 1632 1517 (Wied.),
1658 1473 1817 1518 Phrygia
1844 1474 1891 1508 ad

329 1517 596 1609 Oiffhallbfflal.
620 1518 738 1562 1171),
759 1520 933 1554 Armenia
955 1519 1112 1563 (Tchih.)
1135 1525 1171 1555 et
1190 1520 1237 1555 ad
1257 1520 1407 1564 Kopans
1427 1520 1521 1556 Kale
1546 1531 1661 1565 prope
1681 1521 1762 1556 Van
1782 1521 1890 1566 (Dey-

329 1576 369 1599 ro
403 1576 421 1600 e
506 1593 512 1598 .

375 1644 493 1680 Valde
518 1644 639 1680 affinis
664 1646 710 1681 R.
738 1647 840 1681 luteae
868 1646 972 1690 cujus
1001 1646 1118 1682 forma
1143 1647 1275 1691 glauca
1302 1646 1472 1692 elongata
1498 1647 1628 1682 sistere
1651 1647 1805 1683 videtur.
1833 1649 1891 1682 An

328 1692 620 1737 conjungendae?

812 1824 848 1867 b.
881 1824 1292 1867 PIMPINELLIFOLIAE.

366 1913 406 1950 4.
440 1910 496 1950 R.
521 1909 950 1961 pimpinellifolia
971 1910 1038 1962 (L.
1058 1909 1130 1963 Sp.
1153 1910 1248 1963 703)
1269 1910 1490 1953 fruticulus
1509 1924 1584 1953 seu
1603 1911 1742 1953 frutex
1757 1924 1892 1953 ramo-

314 1962 502 2003 sissimus
535 1962 877 2012 heteracanthus,
907 1963 1062 2004 aculeis
1096 1963 1303 2005 subulatis
1333 1965 1459 2006 rectis
1487 1964 1656 2006 aciculis
1686 1964 1892 2018 glanduli-

315 2015 412 2056 feris
457 2014 827 2076 setiformibusque
868 2016 1009 2057 mixtis
1024 2048 1033 2065 ‚
1073 2016 1393 2070 microphyllus,
1433 2017 1583 2059 foliolis
1628 2021 1707 2060 5-9
1751 2022 1892 2059 ovato-

315 2068 553 2109 rotundatis
579 2080 653 2110 seu
680 2069 985 2111 orblcularibus
1012 2070 1098 2110 late
1124 2074 1168 2111 et
1193 2075 1339 2122 aperte
1364 2071 1692 2123 subsimpliciter
1716 2072 1889 2113 serratis

315 2121 472 2173 glabris
494 2121 668 2174 glaucis,
692 2122 858 2174 petiolis
882 2123 1084 2164 aculeatis
1107 2134 1204 2163 raro
1225 2123 1529 2175 glanduliferis‚
1551 2123 1716 2175 stipulis
1740 2136 1892 2176 angus-

314 2175 484 2215 tissimis
502 2175 620 2226 apice
640 2175 1226 2227 auriculam-divergentibus‚
1256 2175 1428 2218 floribus
1454 2177 1650 2218 solitariis
1676 2176 1892 2219 ebractea-

316 2227 370 2268 tis
390 2227 513 2279 longe
537 2227 847 2280 pedunculatis,
870 2228 1116 2281 pedunculis
1141 2229 1313 2270 laevibus
1338 2230 1426 2271 sive
1451 2229 1661 2281 glandulis
1689 2230 1891 2282 stipitatis

314 2280 389 2322 obs
421 2281 538 2330 ersis,
561 2281 827 2333 receptaculo
844 2281 1160 2333 hemisphaerico
1175 2281 1382 2334 dorsoque
1395 2283 1631 2335 sepaloriun
1646 2282 1892 2335 plerumque

317 2346 372 2374 nu
403 2334 452 2382 is,
476 2334 628 2386 sepalis
649 2333 835 2375 indivisis
855 2334 1041 2376 breviter
1061 2335 1324 2384 acuminatis,
1348 2336 1503 2376 corolla
1519 2335 1717 2377 mediocri
1737 2335 1888 2384 lactea,

313 2387 432 2439 stylis
452 2386 650 2428 brevibus
667 2388 709 2427 in
730 2387 960 2440 capitulum
980 2390 1260 2439 tomentosum
1290 2388 1489 2437 redactis,
1511 2388 1688 2430 urceolis
1713 2388 1890 2430 maturis

313 2440 631 2492 atropurpureis
647 2440 710 2481 vel
727 2441 856 2492 nigris
877 2440 1364 2494 globoso-pyriformibus
1383 2442 1534 2494 sepalis
1555 2441 1704 2483 erectis
1723 2440 1890 2483 demum

316 2492 483 2533 caducis
505 2492 577 2533 diu
597 2494 822 2534 coronatis.

374 2564 466 2598 Hab.
499 2565 534 2598 in
566 2569 688 2599 monte
717 2565 836 2609 Bogos
866 2566 1017 2601 Caucasi
1049 2565 1238 2600 orientalis
1272 2566 1399 2609 (Rupr.
1427 2565 1451 2600 f.
1484 2565 1690 2609 pedunculo
1716 2566 1826 2610 laevi),
1855 2566 1890 2600 in

327 2612 501 2646 Armenia
525 2611 677 2646 Rossica
699 2612 841 2656 (cujus‘?
868 2614 948 2656 437,
977 2612 1002 2646 f.
1026 2612 1164 2657 eadem,
1191 2612 1255 2648 sed
1284 2612 1418 2656 foliolis
1444 2613 1634 2658 cuneatis),
1662 2612 1709 2648 ad
1740 2613 1891 2648 Tortum

327 2659 510 2693 Armeniae
530 2659 693 2693 Turcicae
715 2659 830 2703 (Calv.
851 2661 931 2704 253,
953 2658 978 2694 f.
997 2659 1190 2705 biserrata,
1211 2659 1416 2704 pedunculo
1436 2660 1607 2704 hispido).

375 2721 442 2756 Ar.
464 2721 607 2765 Geogr.
629 2723 687 2758 Ab
715 2724 866 2768 Europa
899 2724 1010 2759 occid.
1035 2735 1148 2768 usque
1179 2724 1226 2759 ad
1246 2724 1423 2761 Sibiriam.
1451 2725 1492 2759 In
1516 2724 1622 2760 India
1643 2730 1680 2760 et
1699 2725 1788 2760 Asia
1812 2734 1894 2760 cen·

326 2770 412 2804 trali
429 2770 475 2805 R.
505 2771 702 2805 Webbiana
721 2776 757 2806 et
772 2772 1045 2816 platyacantha
1064 2772 1143 2816 ejus
1163 2771 1281 2807 locum
1299 2777 1437 2807 tenent.

367 2837 404 2888 β.
443 2834 679 2876 tomentella
701 2834 835 2876 Boiss.
858 2835 921 2876 Fl.
945 2834 1018 2877 Or.
1041 2835 1095 2885 ΙΙ,
1125 2848 1166 2888 p.
1190 2838 1282 2877 673.
1303 2859 1357 2865 --
1375 2834 1529 2877 Differt
1554 2838 1741 2877 tomento
1762 2834 1890 2876 denso

314 2887 498 2928 omnium
530 2888 715 2939 partium
748 2886 1039 2939 foliacearum3
1071 2892 1270 2930 caeterum
1300 2887 1537 2934 conformis,
1570 2887 1710 2929 foliola
1738 2891 1890 2941 argute

313 2939 630 3044 {uglbgcllleltgstgtffl
648 2940 872 2993 pedunculi
885 2941 1152 2994 receptacula
1165 2941 1486 2994 sepalorumque
1500 2941 1624 2982 dorsa
1637 2944 1890 2982 tomentoso-

373 3063 467 3098 Hab.
488 3065 582 3101 inter
602 3064 855 3109 Dschungutai
875 3070 911 3100 et
930 3065 1108 3101 Kutaschi
1128 3065 1388 3111 Daghestaniae
1410 3065 1564 3110 (Rupr.).
