2094 3351
218 249 264 283 58
949 258 1169 283 ennon-sus.
1742 248 1892 294 Thlaspi.

220 330 290 363 Pag.

339 382 488 417 siliculis
502 382 700 417 minoribus
712 383 879 417 elevatim
897 381 1099 416 reticulatis
1114 381 1260 417 differre
1274 381 1428 417 videtur.
1446 383 1503 416 An
1514 386 1636 418 tamen
1650 382 1756 418 ambo
1769 383 1896 418 melius

340 435 426 464 nota
444 429 491 464 ad
512 430 653 464 unicam
672 430 827 473 speciem
845 428 1082 464 reducenda‘.>

221 549 311 595 326,
343 547 434 586 Th.
455 546 778 594 Natolicum,
802 545 909 586 adde
932 557 942 586 τ

384 623 477 657 Hab.
499 624 534 658 in
557 624 664 668 Cypri
686 629 806 658 monte
826 622 1089 668 Pentadactylo
1112 623 1214 666 (Sint.
1236 628 1271 658 et
1290 623 1428 667 Rigol).

219 742 310 787 326,
341 739 428 778 Th.
470 740 869 787 ochroleucum,
910 743 1029 780 muta
1066 751 1217 780 nomen
1249 739 1291 779 in
1328 739 1420 779 Th.
1461 739 1894 786 heterochroum‚

323 792 465 843 petala
497 792 606 832 enim
641 799 706 841 (ex
739 792 790 833 cl.
813 791 954 833 Janka
980 793 1020 833 in
1048 792 1152 843 litt.)
1180 792 1221 832 in
1251 792 1342 832 vivo
1370 792 1507 832 lactea
1534 795 1577 832 et
1605 794 1772 832 tantum
1802 795 1898 843 post

326 845 647 886 exsiccationem
669 844 929 886 ochroleuca.
952 845 1072 886 Adde
1096 858 1103 885 :

382 916 475 950 Hab.
504 918 538 950 in
567 921 688 951 monte
712 917 847 960 Delphi
877 917 1028 951 Euboeae
1057 916 1186 961 (Pichl.
1213 916 1278 951 sub
1312 917 1375 951 112.
1405 916 1571 960 Graeco!),
1591 917 1626 950 in
1644 916 1769 950 Haemo
1788 926 1899 960 supra

338 963 490 998 Kalofer
511 964 678 998 Thraciae
701 963 883 1007 (Janka!).

383 1025 451 1060 Ar.
474 1026 616 1069 Googr.
638 1027 889 1072 Montenegro.

218 1149 308 1195 327,
340 1151 435 1199 post
453 1147 545 1186 Th.
569 1147 731 1187 affine
753 1147 889 1188 insere
912 1160 919 1187 :

378 1224 471 1263 Th.
506 1227 823 1264 montanum
866 1222 932 1274 (L.
971 1221 1044 1275 Sp.
1081 1222 1176 1272 902)
1212 1222 1353 1263 radice
1387 1222 1637 1274 multicipite
1672 1220 1898 1262 caudiculis

323 1275 694 1324 stoloniformibus,
710 1276 898 1316 caulibus
913 1275 1184 1327 simplicibus,
1200 1275 1305 1316 foliis
1322 1275 1495 1316 caulinis
1511 1274 1899 1326 cordato-amplexi-

323 1329 525 1377 caulibus,
586 1328 707 1369 etalis
734 1329 923 1369 obovatis
951 1328 1055 1369 albis
1088 1328 1228 1380 calyce
1256 1328 1382 1380 duplo
1411 1327 1683 1380 longioribus,
1712 1326 1898 1367 antheris

324 1382 500 1441 flayidis,
524 1341 695 1422 siliculis
724 1381 1107 1422 ovato-obcordatis
1136 1382 1244 1434 stylo
1280 1381 1338 1421 eis
1374 1381 1511 1433 2-3plo
1542 1380 1733 1421 breviore
1762 1379 1899 1431 apicu-

323 1435 434 1482 latls,
458 1435 602 1475 loculis
624 1434 890 1475 2-3-ovulatis
917 1438 976 1481 21.
999 1433 1134 1475 Rchb.
1157 1434 1217 1474 Ic.
1246 1437 1365 1475 4187.

382 1500 475 1534 Hal).
498 1501 532 1533 in
547 1500 692 1533 Tauriae
708 1499 862 1534 collibus
878 1500 974 1534 circa
994 1499 1118 1535 Sudak
1135 1500 1308 1542 (Steven)‚
1327 1500 1362 1533 in
1381 1499 1556 1533 silvaticis
1575 1498 1707 1532 montis
1726 1497 1901 1542 Balinyan

334 1548 506 1590 Rehm.!),
527 1548 562 1581 in
581 1547 781 1582 Cartalinia
803 1547 850 1581 ad
868 1547 986 1581 lacum
1005 1546 1244 1581 Tabiszchuri
1266 1546 1453 1590 (Broth.!).

381 1607 585 1686 Speciming
606 1607 719 1640 citata
738 1605 954 1650 imperfecta
971 1605 1093 1639 fructu
1111 1611 1255 1640 maturo
1276 1605 1407 1640 orbata
1429 1605 1476 1639 ad
1493 1606 1587 1639 hanc
1607 1604 1761 1648 speciem
1780 1608 1901 1638 tamen

336 1660 503 1697 spectare
524 1665 557 1687 vi
588 1660 704 1687 entur.

384 1711 451 1745 Ar.
471 1710 615 1753 Geogr.
636 1712 785 1755 Europa
802 1711 921 1745 media
938 1722 959 1746 a
978 1711 1111 1754 Gallia,
1132 1711 1269 1755 Belgio,
1289 1711 1483 1746 Germania
1501 1710 1548 1744 ad
1572 1710 1804 1753 Dalmatiam,
1822 1710 1898 1744 Ser-

338 1760 445 1802 biam,
463 1760 647 1803 regionem
669 1758 924 1793 Danubialem.

376 1883 467 1923 Th.
499 1882 848 1922 Cataonicurn
879 1881 1023 1932 (Reut.
1047 1880 1142 1921 Cat.
1172 1880 1294 1920 Hort.
1325 1878 1481 1921 Genev.
1518 1881 1632 1927 1868,
1664 1878 1773 1919 Bull.
1807 1877 1898 1919 Soc.

324 1935 420 1976 Bot.
444 1934 605 1975 France
629 1938 744 1983 1869,
767 1947 808 1986 p.
832 1934 900 1985 53)
921 1946 1103 1986 perenne
1152 1933 1346 1984 luriceps,
1371 1932 1559 1973 caulibus
1580 1931 1901 1972 ascendentibus

323 1988 490 2040 pumilis
531 1987 677 2028 crebre
714 1986 883 2036 foliosis,
925 1986 1032 2027 foliis
1071 1987 1112 2027 in
1133 1985 1335 2027 erioribus
1373 1983 1822 2036 oblongo-spathulatis
1859 1984 1901 2024 in

324 2041 523 2093 petiolum
549 2041 672 2092 longe
693 2040 940 2088 attenuatis,
964 2039 1137 2080 caulinis
1166 2037 1730 2090 cordato-amplexicaulibus
1750 2036 1898 2083 acutis,

324 2105 489 2134 racemo
508 2093 770 2134 densiusculo
791 2092 968 2144 simplici
988 2092 1123 2133 rarius
1145 2091 1403 2144 corymboso,
1420 2090 1571 2143 petalis
1586 2090 1690 2130 albis
1706 2089 1902 2139 oblongo-

324 2147 551 2187 linearibus
572 2146 713 2199 calyce
734 2149 756 2187 2
774 2146 906 2198 ¹s2-plo
924 2145 1196 2197 longioribus,
1215 2144 1385 2185 siliculis
1400 2143 1602 2196 pedicello
1618 2146 1792 2195 patente
1807 2141 1902 2182 sub-

325 2199 582 2251 longioribus
603 2212 628 2239 a
648 2199 736 2240 basi
768 2201 949 2239 cuneata
969 2197 1406 2239 obovato-obcordatis
1426 2197 1561 2237 altera
1586 2195 1692 2236 facie
1712 2195 1901 2236 concavis

324 2253 458 2293 altera
479 2253 685 2300 convexis,
709 2253 784 2293 alis
805 2251 1045 2292 rotundatis
1066 2251 1183 2303 apice
1198 2250 1332 2291 loculo
1355 2249 1670 2297 sublatioribus,
1686 2248 1794 2300 stylo
1809 2248 1902 2288 sinu

326 2306 608 2357 sublongiore,
628 2305 772 2346 loculis
794 2304 1085 2357 tetraspermis
1113 2308 1149 2350 21
1162 2336 1171 2344 .

383 2372 476 2406 Hab.
495 2373 530 2406 in
550 2377 672 2406 monte
692 2371 904 2415 Berytdagh
926 2371 1123 2413 Cataoniae,
1145 2369 1240 2403 unde
1259 2369 1396 2403 semina
1416 2379 1437 2402 a
1458 2368 1503 2402 cl.
1521 2367 1678 2401 Haussk.
1700 2366 1830 2400 allata!

384 2432 516 2465 Planta
539 2431 804 2475 4-ss—pollicaris
832 2429 1040 2464 caudiculos
1067 2429 1258 2473 elongatos
1287 2438 1386 2462 more
1415 2427 1483 2462 Th.
1504 2426 1667 2460 montani
1690 2435 1762 2460 non
1783 2424 1901 2459 edens.

338 2479 465 2513 Flores
490 2478 749 2521 magnitudinis
784 2477 851 2512 lh.
879 2477 1053 2511 montani.
1084 2476 1262 2510 Racemus
1283 2474 1450 2509 fructifer
1477 2473 1740 2516 2-3-pollicaris
1761 2471 1901 2506 densus.

337 2526 486 2560 Silicula
501 2528 520 2559 3
537 2526 569 2562 ’,Ιῖ
595 2525 656 2559 lin.
675 2525 784 2569 longa
801 2527 821 2558 2
842 2525 930 2559 lata.
949 2523 1071 2558 Affine
1089 2524 1154 2557 Th.
1170 2523 1373 2565 densifloro,
1388 2521 1452 2556 sed
1466 2521 1658 2564 multiceps
1671 2525 1706 2554 et
1718 2519 1901 2554 evidenter

338 2583 509 2616 perenne,
530 2572 637 2607 flores
660 2572 770 2616 duplo
790 2572 961 2615 majores.

220 2687 310 2732 328,
341 2684 433 2723 Th.
456 2683 897 2734 microphyllum‚
920 2681 1029 2722 adde
1056 2693 1064 2721 :

384 2760 478 2795 Hab.
496 2761 530 2795 in
551 2761 699 2805 regione
716 2761 841 2804 alpina
858 2760 989 2794 montis
1008 2758 1134 2792 Korax
1156 2757 1307 2792 AEtoliae
1327 2755 1469 2790 6-7700‘
1493 2753 1632 2797 (Heldr.
1643 2754 1677 2798 1).

221 2887 312 2931 331,
344 2882 435 2922 Th.
459 2881 743 2932 pumilum,
767 2880 875 2921 adde
898 2892 906 2920 :
930 2879 988 2920 Ic.
1012 2878 1144 2930 Rupr.
1168 2877 1230 2918 Fl.
1255 2876 1383 2918 Cauc.
1407 2876 1496 2917 tab.
1515 2875 1588 2924 VI,
1610 2874 1682 2927 fig.
1707 2877 1743 2915 1.

341 2959 535 3040 inssipgcies
556 2959 741 2993 rarissima
762 2957 866 3001 cujus
892 2957 1009 2991 locum
1031 2955 1190 2990 natalem
1216 2955 1261 2989 cl.
1282 2953 1473 2998 Ruprecht
1493 2953 1549 2988 Fl.
1573 2953 1680 2988 Cauc.
1705 2963 1739 2996 p.
1762 2953 1828 2986 177
1853 2951 1904 2986 sic

387 3064 479 3099 Hah.
499 3064 544 3098 ad
565 3064 699 3099 rivulos
718 3064 891 3098 montium
911 3063 1095 3107 nigrorum
1119 3062 1154 3095 in
1183 3061 1331 3105 regione
1351 3060 1476 3104 alpina
1497 3059 1649 3094 Caucasi
1670 3056 1902 3092 occidentalis

342 3123 465 3147 versus
485 3117 642 3146 montem
663 3111 799 3146 Elbrus
818 3112 961 3145 6-8000'
990 3110 1089 3153 (C.A.
1110 3108 1234 3153 Mey.).
