2094 3351
222 239 272 274 62
948 248 1167 273 cnucwzn.÷:.
1702 237 1902 283 Lepidium.

225 320 297 354 Pag.

227 376 318 419 354,
352 373 634 424 Lepidium
655 372 988 423 spinescenS,
1010 371 1119 412 adde
1141 383 1149 411 z

392 459 486 494 Hab.
507 460 543 494 in
571 459 686 494 latere
705 459 875 493 orientali
901 457 1031 492 Libani
1051 459 1146 492 inter
1174 457 1372 502 Berythum
1394 463 1430 492 et
1456 458 1673 493 Damascum
1692 457 1847 501 (Gaill.!)
1869 463 1905 493 et

349 507 560 541 Antilibano
596 517 710 550 prope
744 506 790 540 El
822 505 979 540 Keneisa
1011 505 1180 548 (Gaill.!)‚
1213 505 1249 539 in
1286 505 1439 548 planitie
1473 505 1571 540 elata
1607 504 1736 540 Galala
1772 504 1903 540 deserti

347 553 734 599 AEgyptiaco-Arabici
751 551 955 595 (Schweinf.
969 552 1002 591 !).

231 691 320 734 354,
355 690 410 728 L.
434 690 741 735 cornutum,
764 686 873 727 adde
896 699 903 726 :

392 774 485 808 Hab.
506 775 542 808 in
562 774 677 818 pratis
695 773 844 808 Euboeae
866 772 1069 816 (Pichlerl).

230 924 320 968 355,
355 922 410 960 L.
430 920 797 968 Nebrodense,
822 918 930 960 adde
953 932 962 959 :

396 1008 489 1043 Hah.
511 1009 546 1043 in
567 1012 688 1043 monte
706 1007 934 1042 Panachaico
952 1007 1193 1051 Peloponnesi
1211 1006 1398 1051 (Heldr.!).

229 1158 321 1203 355
356 1156 410 1195 L.
434 1154 701 1204 microsty
703 1153 832 1193 lum.
848 1152 1020 1212 —Ejus
1039 1151 1237 1205 locolege
1256 1153 1312 1192 L.
1332 1151 1742 1212 Nebrodensess.
1761 1150 1909 1192 micro-

334 1207 507 1260 stallum.
529 1230 582 1235 —-
603 1205 651 1247 St
681 1206 745 1247 lus
765 1205 937 1247 siliculae
957 1206 1094 1246 sinum
1114 1216 1197 1246 non
1221 1204 1286 1246 vel
1313 1205 1380 1246 vix
1407 1216 1631 1257 superans;
1663 1203 1738 1245 sed
1763 1202 1907 1245 formae

336 1252 597 1301 intermediae
618 1271 641 1299 a
674 1262 787 1300 sunt.
809 1257 960 1299 Adde:

394 1348 488 1383 Hab.
504 1349 539 1382 in
559 1352 680 1381 monte
700 1347 788 1381 Tom
809 1346 906 1381 Niha.
922 1346 1053 1381 Libani
1074 1346 1216 1390 (Bam),
1234 1345 1281 1380 ad
1301 1345 1437 1382 Cedros
1457 1345 1526 1390 (Bl.
1540 1345 1562 1389 1)
1578 1346 1662 1380 etin
1671 1345 1761 1390 jugo
1779 1345 1909 1380 Akkar

347 1406 457 1440 supra
477 1395 618 1439 Tripoli
639 1394 709 1438 (Bl.
722 1395 757 1437 l).

230 1545 321 1590 356,
356 1543 411 1581 L.
435 1542 699 1591 oxyotum
723 1551 730 1579 :

395 1630 487 1665 Dele
506 1629 602 1664 hanc
626 1629 780 1672 speciem
801 1638 882 1672 quae
902 1626 1099 1663 secundum
1122 1626 1167 1662 cl.
1185 1627 1218 1662 J.
1238 1626 1321 1661 Ball
1341 1626 1436 1671 Spic.
1456 1626 1616 1661 Marocc.
1639 1636 1684 1661 ex
1709 1626 1910 1671 specimini-

348 1678 414 1712 bus
441 1677 544 1712 herb.
565 1675 699 1711 Labill.
722 1676 873 1710 erronee
894 1686 939 1710 ex
958 1675 1063 1720 Syria
1083 1674 1244 1709 oriundis
1263 1673 1379 1718 dictis,
1399 1673 1464 1709 sed
1485 1684 1529 1708 ex
1552 1673 1707 1709 Corsicae
1729 1673 1910 1709 montibus

349 1724 511 1760 oriundis
532 1723 678 1758 condita
697 1722 767 1757 fuit
785 1728 821 1758 et
838 1732 919 1767 quae
940 1722 987 1757 ad
1005 1722 1049 1757 L.
1069 1722 1290 1766 humifusum
1309 1721 1474 1766 Requien
1491 1720 1685 1756 referenda
1705 1725 1770 1756 est.

233 1875 323 1919 356,
355 1872 411 1912 L.
433 1881 648 1922 repens,
671 1868 781 1911 adde
803 1882 810 1910 :

349 1958 555 2051 (HHabkin)
577 1957 792 2003 graminosis
816 1957 947 1992 montis
970 1956 1173 1993 Dalechani
1199 1966 1311 2001 supra
1339 1957 1483 2001 Sungur
1507 1956 1641 1992 Persiae
1667 1955 1780 1992 occid.
1806 1957 1914 1998 9000,

401 2017 484 2041 auss
516 2033 540 2040 ..
562 2033 568 2040 .

231 2155 322 2199 357,
356 2152 411 2192 L.
437 2150 786 2201 Chalepense‚
809 2147 918 2189 adde
935 2161 943 2189 :

398 2239 488 2274 Hab.
509 2239 545 2273 in
562 2237 728 2273 faucibus
742 2236 789 2271 ad
802 2236 945 2272 radices
960 2236 1092 2271 montis
1106 2235 1190 2271 Kuh
1203 2235 1282 2271 Nur
1299 2235 1433 2270 Persiae
1451 2233 1563 2270 occid.
1579 2235 1684 2270 9000'
1699 2232 1912 2279 (Haussk.l).

233 2388 323 2433 359,
358 2386 412 2426 L.
436 2383 742 2430 latifolium‚
770 2379 880 2423 adde
901 2393 911 2421 ε

398 2471 491 2507 Hab.
513 2472 549 2506 in
569 2471 677 2506 cultis
693 2469 847 2515 AEgypti
865 2468 1070 2513 (Schweinf.
1080 2469 1113 2511 1).

233 2620 325 2663 360,
360 2617 415 2657 L.
437 2615 694 2662 lacerum,
716 2613 825 2654 adde
844 2625 853 2653 :

398 2702 492 2737 Hab.
510 2702 545 2736 in
566 2701 818 2745 Daghestania
835 2699 988 2735 Caucasi
1005 2698 1191 2734 orientalis
1211 2697 1411 2742 (Beckeri).

229 2853 325 2898 360,
358 2849 411 2888 L.
435 2846 738 2895 Persicum,
760 2844 869 2886 adde
891 2857 900 2885 :

401 2937 495 2972 Hab.
525 2937 560 2972 in
586 2935 768 2971 montibus
789 2937 973 2969 Avroman
999 2939 1035 2969 et
1061 2932 1206 2969 Schahu
1232 2931 1480 2968 Kurdistaniae
1510 2930 1663 2966 Persicae
1686 2931 1852 2966 9·11000'
1877 2933 1915 2966 ot

356 2984 536 3020 montibus
553 2985 676 3020 Sawus
691 2989 727 3019 et
747 2982 831 3017 Kuh
851 2981 1017 3017 Eschker
1035 2981 1171 3016 Persiae
1189 2979 1303 3015 occid.
1324 2980 1490 3014 6-10000'
1511 2978 1681 3023 (Haussk.
1691 2978 1727 3022 1).
