2094 3351
216 214 259 249 72
950 226 1166 250 vicimum-2.
1779 216 1889 251 Viola.

231 294 302 328 Pag.

320 345 495 386 lilacinis
523 345 611 386 basi
633 345 837 391 barbatis,
861 345 1023 386 calcare
1043 357 1182 387 crasso
1201 349 1316 387 recto
1336 346 1486 387 obtuso
1511 345 1662 398 sepalis
1681 345 1888 394 breviore,

321 398 521 449 stigmate
543 398 738 450 depresso
756 398 949 450 patellari
976 401 1034 444 91.

333 469 486 560 (Αξῖαξ.)
509 471 543 504 in
571 470 768 514 Affghania
797 468 843 504 ad
876 469 1015 504 Pushut
1044 469 1208 514 (Griff.!),
1234 471 1269 504 in
1299 471 1430 514 pinetis
1459 471 1565 505 vallis
1588 471 1726 505 Kuram
1750 471 1894 506 6-9000‘

386 528 395 551 1
417 528 434 551 c
466 545 471 550 .
492 544 499 551 .

381 580 448 615 Ar.
469 580 612 623 Geogr.
632 581 760 615 Rossia
777 580 909 624 media,
931 581 1073 624 Sibiria,
1094 580 1205 615 Indiae
1227 586 1262 616 et
1280 581 1460 626 Ceyloniae
1479 586 1629 625 montes,
1649 581 1822 626 Japonia.

214 701 306 746 456,
338 709 412 748 pro
433 698 493 737 V.
520 697 862 737 Griffithiana
890 697 983 748 lege
1002 698 1062 738 V.
1085 708 1313 749 serpens
1333 697 1457 738 Wall.
1480 698 1522 738 in
1545 697 1678 738 Roxb.
1701 697 1765 738 Fl.
1794 696 1888 738 Ind.

323 751 376 799 ΙΙ,
400 754 477 791 449
498 761 590 791 var:
609 763 843 791 canescens.

382 821 448 856 Ar.
469 821 612 864 Geogr.
633 823 774 857 Montes
791 822 903 856 totius
923 821 1035 856 Indiae
1054 827 1089 856 et
1109 822 1300 867 Ceyloniae,
1318 822 1445 856 insulae
1463 822 1577 865 Javae,
1596 822 1725 857 China.

215 946 308 992 456,
339 944 400 984 V.
425 943 571 983 hirta
595 956 602 983 :

383 1033 434 1068 Cl.
454 1032 568 1074 Regel
588 1032 699 1066 Index
718 1033 820 1066 Hort.
838 1033 985 1075 Petrop.
1010 1034 1108 1075 1860,
1130 1043 1163 1075 p.
1181 1034 1225 1065 44
1254 1033 1290 1066 1⁷.
1315 1032 1501 1066 Tauricam
1523 1031 1695 1066 describit
1717 1041 1736 1065 e
1759 1031 1895 1065 Tauri-:2

335 1090 449 1123 prope
476 1080 603 1113 Nikita
623 1080 811 1113 oriundam
838 1080 924 1113 mihi
944 1080 1103 1123 ignotam
1132 1080 1170 1114 V.
1190 1080 1293 1114 hirtae
1313 1086 1348 1113 et
1377 1080 1414 1114 V.
1434 1079 1571 1114 collinoe
1596 1084 1767 1113 caeterum
1788 1079 1893 1112 nimis

336 1126 507 1161 affinibus
528 1126 790 1161 intermediam.

216 1244 309 1289 457,
340 1241 401 1281 V.
425 1251 716 1292 purpurea,
739 1240 848 1281 adde
871 1253 879 1280 z

382 1328 474 1362 Hab.
505 1329 540 1362 in
570 1328 796 1371 rupestribus
825 1328 1002 1363 umbrosis
1020 1328 1207 1362 -calcareis
1238 1328 1391 1363 Caucasi
1419 1328 1590 1362 centralis
1625 1332 1662 1362 et
1692 1327 1898 1372 praesertim

336 1375 524 1410 orientalis
542 1377 756 1409 2400-6500'
777 1376 903 1419 (Rup.!
924 1375 1124 1410 Brotherus
1139 1376 1173 1418 !).

382 1441 500 1483 Hujus
518 1450 739 1485 synonymon
761 1446 814 1474 est
836 1441 874 1474 V.
889 1440 1107 1475 Somchetica
1127 1440 1163 1475 C.
1185 1439 1288 1474 Koch
1309 1440 1412 1473 Linn.
1434 1439 1512 1483 XV,
1531 1439 1581 1473 N⁰
1601 1441 1647 1473 60
1667 1438 1800 1481 (forma
1819 1439 1895 1483 gla—

334 1488 518 1531 berrima).
540 1488 627 1521 Haec
647 1488 786 1530 species
806 1493 846 1521 ut
872 1493 908 1522 et
936 1488 974 1521 V.
997 1488 1160 1532 iqnobilis
1180 1498 1201 1521 a
1223 1497 1334 1531 grege
1365 1487 1402 1520 V.
1428 1487 1532 1521 hirtae
1558 1492 1593 1521 et
1619 1485 1778 1520 odoratae
1799 1486 1897 1530 stylo

336 1536 440 1579 apice
461 1535 666 1570 lateraliter
682 1535 815 1569 inflexo
836 1534 899 1569 sed
919 1545 991 1568 non
1008 1545 1091 1569 vere
1109 1535 1278 1568 uncinato
1300 1534 1432 1568 differt.

218 1664 312 1706 457,
342 1661 403 1700 V.
429 1660 759 1708 Libanotica‚
783 1659 892 1700 adde
911 1659 1048 1700 locum
1072 1672 1080 1700 :

383 1750 488 1784 Mons
508 1750 618 1785 Sanin
640 1749 770 1784 Libani
790 1749 838 1783 ad
856 1750 954 1784 nives
973 1748 1148 1793 (Ehrenb.
1167 1759 1242 1783 exs.
1263 1748 1328 1783 sub
1355 1748 1393 1782 V.
1416 1746 1620 1793 Syriaccil).

218 1883 310 1928 457,
339 1882 435 1931 post
453 1879 514 1918 V.
536 1878 922 1919 Wiedemanni
941 1878 1078 1918 insere
1098 1890 1106 1917 :

377 1968 439 2008 V.
461 1967 717 2019 ignobilis
738 1966 822 2018 (Ru
855 1979 889 2007 r.
912 1965 975 2007 Fl.
998 1965 1126 2007 Cauc.
1149 1978 1190 2018 p.
1217 1966 1308 2017 148)
1330 1965 1560 2006 rhizomate
1586 1963 1758 2005 tandem
1779 1974 1896 2016 squa-

322 2021 635 2062 moso-dentato
663 2020 813 2061 stoloni
835 2031 920 2068 ero,
948 2020 1113 2071 stipulis
1142 2019 1276 2059 ovatis
1303 2019 1437 2059 acutis
1465 2016 1900 2070 glauduloso-ciliatis,

324 2074 432 2115 foliis
452 2074 618 2114 hirtulis
634 2073 698 2114 vel
719 2073 875 2123 glabris
895 2073 1033 2124 parvis
1048 2071 1466 2113 reniformi-cordatis
1481 2070 1723 2117 crenulatis,
1773 2068 1903 2110 edun-

325 2128 427 2169 culis
465 2138 608 2167 versus
646 2123 830 2167 medium
866 2125 1164 2173 bibi-anteatis,
1205 2124 1377 2166 floribus
1421 2123 1663 2173 maiusculis
1706 2123 1735 2163 li
1754 2122 1900 2169 acinis,

324 2181 477 2233 sepalis
498 2179 687 2231 oblongis
708 2178 977 2220 acutiusculis
995 2178 1059 2218 vel
1083 2179 1232 2226 acutis,
1255 2177 1406 2230 petalis
1433 2167 1708 2224 imberbibus,
1739 2175 1904 2215 calcare

324 2237 441 2275 recto
462 2232 762 2285 appendicibus
782 2232 934 2284 calycis
955 2231 1155 2283 longiore,
1178 2231 1286 2283 stylo
1314 2231 1432 2283 apice
1458 2229 1612 2282 angulo
1632 2232 1748 2269 recto
1768 2227 1905 2269 fracto

326 2287 392 2327 vix
412 2287 625 2334 uncinato,
649 2285 820 2337 capsula
826 2317 905 2325 .....
935 2288 994 2331 91.

388 2358 482 2392 Hab.
510 2359 544 2392 in
571 2358 686 2402 pratis
719 2357 920 2401 subalpinis
952 2357 1086 2400 apricis
1111 2356 1242 2390 montis
1263 2355 1436 2399 Gudgora
1455 2365 1570 2399 prope
1592 2353 1799 2388 Kaischaur
1818 2353 1911 2388 Cau—

339 2407 414 2440 casi
433 2406 607 2440 centralis
621 2406 723 2439 6000‘
741 2405 915 2449 (Rupr.!).

386 2469 492 2503 Folia
519 2479 633 2513 parva
651 2470 711 2503 8-9
731 2469 846 2503 lineas
876 2468 982 2502 diam.
1012 2468 1090 2501 lata
1112 2471 1148 2501 et
1179 2472 1386 2501 transverse
1415 2465 1558 2499 latiora.
1590 2464 1629 2499 V.
1657 2463 1909 2498 Wiedemanni

340 2516 434 2551 facie
449 2522 484 2551 et
498 2516 662 2550 omnibus
677 2517 771 2550 notis
785 2516 926 2559 similis3
939 2526 985 2549 an
1000 2515 1031 2558 ej
1039 2526 1078 2549 us
1096 2514 1213 2548 forma
1227 2513 1361 2557 petalis
1376 2512 1561 2547 ebarbatis
1578 2497 1760 2546 mefliante
1777 2511 1907 2554 planta

342 2575 360 2598 e
382 2564 517 2598 ditione
540 2563 738 2607 Karabagh
758 2574 779 2597 a
797 2563 843 2597 cl.
863 2562 1052 2607 Ruprecht
1071 2561 1242 2605 indicata,
1263 2571 1342 2606 quae
1363 2560 1497 2604 petalis
1517 2569 1628 2603 parce
1644 2558 1810 2592 barbatis
1829 2557 1909 2592 fere

340 2617 481 2645 tantum
504 2611 651 2645 differre
676 2610 845 2645 videtur?

220 2739 314 2785 458,
345 2736 406 2776 V.
430 2737 567 2784 alba,
591 2734 698 2776 adde
718 2746 809 2787 syn.
835 2747 843 2775 :
877 2734 922 2775 V.
945 2732 1117 2775 Besseri
1137 2732 1269 2785 Rupr.
1292 2731 1355 2772 Fl.
1379 2729 1507 2772 Cauc.
1529 2742 1572 2782 p.
1597 2732 1688 2771 153.

341 2825 488 2916 (ΗΗειὶ).ν
499 2826 535 2859 in
554 2825 670 2859 Ponto
687 2825 820 2859 Lazico
841 2823 888 2858 ad
908 2823 1021 2857 Rhize
1047 2822 1185 2867 (Bal.!),
1206 2821 1326 2856 Iberia
1347 2820 1544 2856 Caucasica
1563 2829 1678 2863 prope
1703 2817 1818 2861 Tiflis,
1836 2821 1904 2852 etc.

391 2878 516 2917 upr..).

220 2993 313 3038 459,
343 2989 404 3029 V.
434 2988 700 3036 arenaria,
724 2986 832 3027 adde
852 2997 943 3039 syn.
969 2998 977 3025 :
1008 2984 1055 3025 V.
1077 2982 1289 3037 rupesiris
1309 2981 1500 3023 Schmidt
1527 2981 1660 3033 Rupr.
1682 2979 1746 3020 Fl.
1770 2978 1902 3021 Cauc.
