2115 3250
205 229 304 264 Rosa.
943 234 1127 258 ROSACEAE.
1808 215 1876 250 219

202 310 277 344 Pag.

310 361 483 414 hispidis
513 359 709 401 brevibus
745 369 870 410 parce
904 355 1236 409 appendiculatis
1273 354 1377 394 lobis
1413 351 1609 393 brevibus
1651 350 1877 391 linearibus

339 417 405 455 ost
429 412 621 454 anthesin
648 411 796 452 erectis
815 408 1231 462 subpersistentibus‚
1261 405 1414 447 corolla
1438 404 1572 451 rosea,
1601 403 1719 455 stylis
1745 402 1879 443 brevi-

309 427 389 508 1bus
409 466 576 513 lanatis,
600 463 764 505 urceolo
784 462 1034 514 subgloboso
1054 461 1144 512 piso
1162 460 1231 500 vix
1249 458 1422 510 majore.

369 542 463 576 Hah.
489 542 525 575 in
554 541 700 584 regione
729 539 891 574 abietina
922 538 1096 572 montium
1127 536 1298 571 Parnassi
1325 534 1465 578 (Heldr.
1493 544 1524 567 a.
1557 532 1672 575 1878),
1704 530 1880 574 Agrapha

323 589 427 623 Pindi
447 599 558 632 supra
583 587 774 622 Simirniko
803 586 952 620 Graeciae
977 585 1191 619 5500-6000'
1211 582 1382 625 (Haussk.
1413 592 1446 615 a.
1475 580 1590 624 1885),
1619 578 1692 613 Idae
1726 577 1880 611 Troadis

326 636 427 679 (Sint.
449 637 528 678 751,
548 637 618 668 480
631 635 651 668 b
668 633 691 667 f.
709 632 904 677 leiostyla).

371 704 437 738 Ar.
460 703 602 746 Geogr.
625 704 749 747 Plagae
765 702 1046 737 Mediterraneae
1066 700 1241 743 imprimis
1264 697 1507 733 occidentales
1522 696 1568 731 ab
1585 695 1735 740 Algeria
1756 704 1881 738 regno-

324 763 394 796 que
410 752 627 786 Maroccano
648 750 694 785 ad
714 750 882 793 Siciliam,
903 749 1058 791 Italiam,
1077 745 1233 781 Galliam
1255 744 1510 780 austro-occid.

365 824 402 876 β.
428 818 670 872 Coquebertz·
691 819 872 866 (Burnat
886 822 929 859 et
943 817 1100 858 Gremli
1116 816 1215 856 Ros.
1234 814 1306 856 Or.
1323 825 1397 866 pro
1409 811 1660 865 subspecie).
1670 809 1885 851 —Differt

313 873 467 914 aculeis
488 872 757 913 validioribus
777 883 886 923 saepe
907 870 1078 910 aduncis
1099 869 1282 920 setisque
1303 866 1534 907 numerosis
1554 864 1745 917 strigosis
1765 862 1885 903 indu-

313 929 502 968 mentum
520 937 734 966 ramorum
757 939 773 962 «
797 923 1001 964 orientale
1024 936 1040 960 »
1063 920 1364 973 praebentibus,
1387 918 1539 971 sepalis
1558 917 1679 958 dorso
1700 915 1837 957 nudis.

371 1002 464 1037 Hab.
485 1003 521 1036 in
540 1002 681 1036 Graecia
703 1000 923 1044 (Coquebert
944 999 988 1034 de
1007 998 1195 1033 Montbret
1216 999 1306 1031 1434
1326 997 1361 1030 in
1376 996 1480 1030 herb.
1498 994 1644 1038 Webb).

373 1067 466 1101 Fere
485 1067 678 1100 transitum
698 1066 792 1099 inter
811 1065 857 1099 R.
880 1064 1102 1108 ylutinosam
1122 1067 1157 1097 et
1177 1062 1336 1096 Siculam
1356 1060 1508 1104 praebet.

374 1137 419 1171 R.
434 1136 566 1172 Siculae
579 1136 746 1179 proxima
762 1134 891 1169 habitu
904 1134 1101 1177 saepissime
1115 1142 1275 1176 congrua
1291 1136 1345 1165 est
1358 1130 1405 1165 R.
1419 1129 1627 1173 Seraphinii
1641 1127 1783 1162 viviani
1796 1126 1885 1160 Nov.

328 1185 430 1227 spec.
449 1184 579 1227 Diagn.
601 1183 655 1216 Fl.
677 1182 767 1225 Lib.,
789 1192 884 1224 spec.
909 1183 952 1215 67
980 1180 1110 1223 (1824),
1139 1178 1336 1213 insularum
1361 1178 1471 1211 maris
1492 1174 1753 1210 Mediterranei
1774 1172 1886 1206 occid.

327 1231 518 1274 Italiaeque
552 1229 678 1264 mediae
712 1229 843 1271 incola,
874 1238 953 1272 quae
984 1227 1106 1261 differt
1135 1226 1270 1260 aculeis
1300 1226 1384 1259 latis
1417 1223 1577 1266 aduncis,
1604 1221 1740 1256 foliolis
1771 1220 1887 1253 minus

328 1278 553 1322 glandulosis
579 1281 685 1311 acute
711 1276 880 1318 dentatis,
906 1274 1121 1318 pedunculis
1143 1272 1367 1317 longioribus
1398 1282 1477 1305 cum
1504 1269 1660 1304 urceolis
1680 1267 1888 1311 sepalisque

328 1325 445 1368 nudis,
465 1324 599 1368 sepalis
618 1323 763 1358 reflexis
786 1322 957 1365 deciduis,
975 1322 1078 1366 stylis
1098 1320 1246 1365 glabris.

880 1497 917 1534 2.
949 1492 1225 1534 Mz'cranthae.

372 1621 436 1660 28.
471 1619 529 1658 R.
551 1618 858 1657 micrantha
879 1614 986 1668 (Sm.
1008 1614 1060 1656 E.
1082 1614 1132 1655 Β.
1155 1617 1188 1654 t.
1211 1612 1333 1664 2490)
1358 1611 1497 1652 frutex
1521 1608 1736 1657 flaccidus‚
1764 1607 1891 1648 ramis

319 1671 524 1722 elongatis
545 1670 743 1717 arcuatis,
768 1667 1131 1715 homoeacanthus,
1162 1666 1317 1706 aculeis
1347 1664 1535 1712 aduncis,
1562 1663 1699 1703 rarius
1728 1661 1893 1702 hetera-

320 1724 498 1764 canthus
519 1724 564 1775 (i.
588 1735 624 1763 e.
648 1722 815 1763 aciculis
842 1734 891 1762 ex
916 1719 1225 1761 inflorescentia
1250 1719 1293 1759 in
1322 1729 1460 1758 ramos
1490 1716 1726 1768 superiores
1747 1713 1893 1754 decur-

319 1776 542 1827 rentibus),
574 1774 897 1827 macrophyllus‚
932 1772 1080 1813 foliolis
1115 1776 1181 1814 5-7
1215 1772 1348 1812 ovatis
1374 1769 1546 1811 novellis
1574 1766 1893 1809 rubescentibus

320 1828 803 1881 glanduloso-biserratis
818 1827 1016 1878 utrinque
1029 1825 1177 1866 subtus
1191 1824 1400 1877 praecipue
1414 1820 1742 1874 pubescentibus
1757 1819 1893 1860 rarius

321 1881 681 1933 glabrescentibus
700 1880 850 1921 subtus
871 1878 1079 1931 glandulis
1099 1877 1313 1918 sessilibus
1334 1875 1490 1917 crebris
1511 1873 1735 1926 obspersis‚
1763 1872 1895 1924 petio-

321 1935 368 1976 lis
384 1934 640 1987 glandulosis
661 1937 703 1973 et
723 1932 938 1974 aciculatis
953 1930 1295 1983 pubescentibus,
1312 1928 1484 1969 floribus
1500 1926 1755 1979 corymbosis
1772 1925 1894 1975 longe

320 1986 612 2039 pedunculatis
640 1985 932 2032 mediocribus,
997 1983 1203 2024 edunculo
1231 1981 1497 2034 receptaculo
1532 1983 1655 2020 ovato
1689 1978 1895 2029 dorsoque

320 2039 555 2092 sepalorum
578 2037 951 2090 glanduloso-hispi
983 2037 1032 2084 is,
1055 2036 1206 2088 sepalis
1226 2033 1486 2087 pinnatifidis
1505 2031 1669 2073 reflexis
1690 2029 1892 2077 deciduis,

322 2093 440 2145 stylis
470 2091 626 2144 glabris
655 2103 765 2143 saepe
794 2103 816 2132 e
844 2090 955 2131 disco
983 2090 1077 2142 plus
1105 2089 1242 2129 minus
1269 2088 1430 2129 elevato
1457 2085 1718 2139 prominulis,
1742 2082 1898 2124 corolla

321 2145 475 2197 pallide
499 2146 620 2185 rosea
648 2155 721 2184 seu
749 2144 901 2185 carnea
962 2154 1081 2183 arum
1113 2141 1349 2193 conspicua,
1378 2138 1545 2180 urceolo
1574 2142 1741 2178 maturo
1773 2140 1896 2177 ovato

321 2209 530 2250 purpureo
549 2197 724 2249 pulposo
744 2196 895 2248 sepalis
946 2195 1137 2236 estituto.

382 2274 475 2309 Hab.
501 2274 622 2308 Dubia
653 2274 749 2308 civis.
769 2274 800 2308 E
828 2270 964 2307 ditione
992 2283 1063 2306 non
1092 2271 1175 2305 vidi.
1204 2271 1244 2304 In
1273 2271 1328 2304 Fl.
1359 2270 1420 2305 Or.
1454 2270 1499 2312 II,
1529 2270 1598 2303 688
1622 2269 1659 2302 in
1688 2267 1823 2301 Tauria
1852 2276 1897 2300 ex

336 2322 468 2365 Baker,
487 2322 523 2355 in
544 2321 716 2356 Colchide
735 2332 780 2355 ex
808 2321 921 2363 Rupr.
949 2319 1148 2362 eodemque
1177 2329 1198 2352 a
1224 2318 1380 2352 Scheutz
1405 2316 1576 2360 (OEfvers.
1602 2316 1637 2349 k.
1658 2314 1795 2350 Svensk
1814 2313 1897 2347 Vet.

338 2368 458 2403 Akad.
482 2368 681 2402 Forhandl.
711 2367 813 2409 1879)
835 2367 1006 2409 indicata,
1027 2366 1090 2400 sed
1110 2376 1176 2399 nec
1194 2365 1281 2399 mihi
1299 2366 1386 2409 visa,
1407 2374 1472 2398 nec
1492 2374 1514 2398 a
1535 2363 1667 2406 Crepin
1687 2362 1782 2395 inter
1807 2371 1897 2394 mes-

338 2426 411 2450 sem
447 2426 612 2449 rosarum
649 2415 924 2450 Caucasicarum
961 2425 981 2448 a
1008 2413 1197 2447 Brotheris
1227 2412 1358 2446 lectam
1390 2411 1511 2455 (Prim.
1540 2410 1602 2453 VI,
1631 2408 1712 2453 667)
1740 2409 1897 2442 inventa.

336 2463 467 2497 Planta
487 2463 716 2496 Brotherana
733 2461 798 2496 sub
819 2472 912 2495 nom.
934 2461 980 2495 R.
1005 2460 1215 2494 mieranthae
1234 2459 1395 2493 indicata
1418 2469 1462 2493 ex
1491 2468 1588 2501 spec.
1608 2457 1694 2490 mihi
1722 2454 1899 2489 benevole

339 2511 599 2544 communicato
619 2509 762 2543 videtur
781 2508 828 2543 R.
848 2508 1156 2552 caryophyllacea.

386 2580 485 2614 Inter
504 2579 551 2613 R.
575 2579 824 2623 rubiginosam
845 2583 881 2612 et
901 2579 1124 2612 dumetorum
1142 2576 1271 2610 habitu
1291 2575 1517 2618 intermedia,
1545 2585 1565 2608 a
1593 2574 1714 2617 priore
1739 2572 1899 2606 homoea-

340 2627 498 2669 canthia,
515 2626 649 2660 foliolis
669 2625 869 2669 majoribus
890 2625 1079 2668 elongatis,
1100 2623 1313 2667 pedunculis
1333 2623 1461 2666 longis,
1482 2622 1584 2665 stylis
1605 2620 1753 2665 glabris,
1773 2630 1794 2653 a
1820 2629 1902 2662 pos-

340 2674 474 2707 teriore
495 2673 662 2707 dentibus
679 2673 885 2717 compositis
903 2677 938 2706 et
956 2671 1139 2715 glandulis
1160 2669 1436 2704 inflorescentiae
1456 2668 1605 2703 recedit.

388 2743 502 2777 Boiss.
533 2743 560 2777 1.
590 2753 619 2777 c.
650 2742 777 2777 foliola
802 2743 971 2785 utrinque
996 2742 1140 2785 copiose
1167 2740 1384 2784 glandulosa
1413 2739 1601 2783 describit;
1632 2748 1698 2782 ego
1718 2746 1900 2780 nunquam

341 2790 536 2834 glandulas
558 2790 820 2833 suprafoliares
839 2789 906 2823 hoc
924 2790 959 2823 in
979 2793 1066 2833 typo
1087 2788 1245 2832 repperi.

388 2858 455 2893 Ar.
480 2859 622 2901 Geogr.
643 2860 792 2902 Europa
808 2859 926 2893 media
944 2864 978 2893 et
999 2858 1247 2900 occidentalis,
1263 2857 1340 2901 jam
1357 2857 1393 2890 in
1411 2856 1539 2891 Silesia
1554 2862 1589 2890 et
1606 2855 1771 2889 Moravia
1785 2863 1901 2887 rares-

344 2907 410 2950 cit;
439 2907 475 2940 in
498 2907 646 2950 regione
666 2906 936 2940 Mediterranea
963 2905 1060 2939 haud
1081 2916 1166 2939 rara
1195 2905 1316 2948 ibique
1342 2904 1557 2947 plerumque
1583 2903 1717 2936 formas
1743 2900 1903 2945 glabres-

344 2959 465 2988 centes
484 2954 711 2997 minutasque
733 2953 790 2995 (R.
810 2954 919 2996 spina
933 2955 1029 2996 flava
1049 2953 1145 2995 Chr„
1166 2955 1248 2993 etc.)
1271 2951 1457 2985 affectans.
