2115 3250
240 219 368 265 Pyrus.
992 233 1178 258 RosnczAE.
1844 225 1909 259 199

236 302 327 403 ἓξ,
361 355 416 394 Ρ.
446 355 926 406 amygdaliformis,
954 356 1063 397 adde
1092 368 1182 409 syn.
1209 370 1216 398 :
1241 356 1292 397 P.
1326 357 1478 398 nivalis
1510 358 1628 411 Jacq.
1661 360 1820 408 Austr.,
1853 360 1905 407 ΙΙ,

340 420 381 459 p.
403 411 442 455 4,
466 407 553 448 tab.
580 411 652 448 107
674 412 716 448 et
734 407 787 449 P.
809 406 1027 461 salvifolz'a
1046 422 1114 450 nc.
1139 409 1302 459 Prodr.‚
1325 410 1380 459 II,
1404 423 1444 462 p.
1466 414 1556 452 634.

402 496 453 531 Cl.
481 496 633 540 Wenzig
658 496 726 531 loc.
756 498 814 531 cit.
843 498 887 532 P.
909 498 1245 542 amyydaliformem
1266 499 1362 534 foliis
1382 499 1519 534 obtusis
1535 501 1740 543 junioribus
1761 501 1907 536 flavido-

352 543 484 577 lanatis
508 548 543 577 et
562 543 606 578 P.
629 543 783 578 nivalem
808 543 905 579 foliis
927 545 1133 588 junioribus
1159 546 1395 581 albo-lanatis
1422 548 1589 590 specifice
1616 548 1816 592 distinguit,
1845 550 1907 583 sed

351 589 476 624 formae
495 590 721 625 intermediae
741 590 882 625 adsunt.

233 718 324 764 657,
359 716 567 756 Sorbus
586 717 859 765 trilobata,
882 717 992 759 adde
1013 731 1022 759 ε

363 814 426 889 13γ.
450 797 682 891 ὸΙΞῑινηξῑίσα
701 799 876 892 Piflgler
895 801 938 841 in
964 799 1089 841 Flora
1113 804 1230 850 1883,
1259 813 1300 853 p.
1333 805 1424 843 303.
1447 826 1497 830 —
1524 803 1641 844 Folia
1667 805 1906 856 submajora

338 861 360 890 e
399 862 447 891 su
499 862 548 891 us
588 862 707 892 omen
732 864 754 892 e
787 864 827 892 a.

393 921 484 956 Hab.
522 923 557 956 in
593 923 822 966 rupestribus
858 924 1082 959 littoralibus
1117 926 1292 961 calcareis
1328 927 1494 961 Thraciae
1531 928 1779 963 meridionalis
1813 930 1907 963 inter

346 969 464 1002 Makri
486 973 520 1003 et
540 970 705 1004 Marvaia
726 981 838 1014 usque
858 971 904 1005 ad
923 971 1003 1005 400¹
1022 972 1202 1016 (Dingler)
1224 973 1319 1017 (Non
1340 974 1440 1015 vidi).

227 1097 318 1142 657,
352 1095 406 1134 S.
432 1096 743 1146 aucuparia,
766 1096 875 1137 adde
898 1109 906 1137 :

389 1177 481 1212 Hab.
498 1179 534 1212 in
554 1184 675 1213 monte
701 1180 867 1214 Sikaram
886 1180 993 1215 vallis
1013 1181 1151 1216 Kuram
1174 1181 1380 1226 Affghaniae
1406 1186 1529 1218 11500Ι
1552 1184 1687 1227 (Aitch.
1716 1186 1824 1228 1381).

388 1240 443 1274 Ex
459 1240 585 1276 eadem
603 1242 737 1277 ditione
754 1243 887 1277 adsunt
906 1255 1049 1288 quoque
1067 1246 1263 1288 specimina
1285 1246 1419 1281 foliolis
1434 1247 1632 1282 minoribus
1648 1248 1786 1291 (Aitch.
1802 1250 1902 1288 7921)

340 1287 377 1322 S.
394 1288 570 1330 foliolosoe
588 1289 697 1323 Wall.
718 1289 853 1333 affinia,
874 1291 937 1325 sed
958 1291 1003 1326 ab
1031 1293 1074 1326 ea
1102 1292 1247 1327 defectu
1275 1293 1476 1328 indumenti
1503 1294 1719 1329 rufescentis
1750 1296 1901 1339 petiolo—

343 1335 773 1426 fugitetpinssgrs‘iffiggffittiae
799 1337 943 1373 diversa
968 1344 1003 1373 et
1029 1349 1110 1383 quae
1139 1340 1242 1384 prob.
1264 1341 1300 1375 S.
1326 1341 1597 1386 microphyllam
1619 1343 1771 1386 Wenzig
1798 1343 1901 1376 Linn.

359 1408 365 1414 .
436 1409 454 1425 .‚
497 1409 504 1416 .
726 1411 733 1417 .

386 1445 451 1480 Ar.
475 1445 617 1489 Geogr.
635 1448 748 1492 Regio
769 1449 972 1484 Himalaica
988 1454 1204 1495 temperata,
1226 1451 1395 1496 Japonia,
1417 1453 1541 1488 China.

221 1575 312 1621 658,
346 1577 441 1625 post
461 1575 514 1615 S.
536 1576 725 1616 Ariam
744 1577 882 1618 insere
904 1591 913 1619 ε

381 1663 433 1702 S.
456 1663 639 1704 lanata
660 1665 769 1714 (Don
790 1664 937 1706 Prodr.
964 1669 1040 1708 237
1058 1667 1134 1708 sub
1152 1666 1288 1721 Pyro)
1304 1668 1482 1709 arborea
1498 1670 1689 1710 omnibus
1705 1671 1897 1722 partibus

318 1714 555 1764 junioribus
589 1716 861 1766 albo-lanata,
890 1717 998 1760 foliis
1023 1719 1263 1772 hypoleucis
1291 1721 1376 1762 late
1405 1722 1594 1769 oblongis
1630 1723 1898 1764 circumcirca

324 1767 517 1809 lobulatis
554 1769 704 1811 lobulis
742 1771 975 1820 serrulam,
1017 1773 1223 1825 corymbis
1264 1773 1390 1815 dense
1429 1775 1712 1824 albo-lanatis,
1747 1778 1898 1829 petalis

323 1820 427 1861 albis
459 1822 703 1873 patentibus
733 1823 904 1874 glabris,
938 1825 1057 1877 stylis
1093 1829 1160 1866 2-3
1198 1826 1365 1876 lanatis,
1407 1827 1548 1868 fructu
1583 1841 1736 1881 niagno
1774 1835 1897 1870 ovato

322 1872 490 1914 demum
511 1874 657 1926 glabro
686 1889 711 1927 5
729 1908 738 1916 .

381 1943 473 1978 Hab.
500 1945 535 1978 in
564 1945 664 1979 silvis
690 1956 802 1989 supra
827 1947 1002 1982 Shendtoi
1029 1948 1136 1983 vallis
1165 1949 1302 1984 Kuram
1332 1950 1538 1995 Affghaniae
1568 1954 1734 1987 8-10000'
1760 1954 1895 1990 (Aitch.

333 1991 446 2029 742l).
464 1991 620 2026 Fructus
639 1992 755 2027 edulis
775 2004 797 2027 a
813 1994 1021 2037 pastoribus
1042 1996 1172 2030 Amlok
1193 1996 1320 2031 dictus.

382 2054 511 2089 Differt
527 2066 549 2089 a
566 2055 603 2091 S.
620 2056 715 2090 Arici
732 2057 828 2092 foliis
849 2064 887 2092 ut
907 2059 942 2092 in
960 2059 996 2094 S.
1014 2060 1175 2103 latifolia
1195 2060 1329 2096 Iobatis
1345 2062 1437 2097 lobis
1454 2063 1674 2107 regulariter
1692 2065 1897 2108 serrulatis,

332 2101 480 2136 floribus
500 2103 712 2147 majoribus,
730 2104 908 2140 fructibus
923 2107 958 2139 in
979 2107 1150 2151 corymbo
1168 2109 1395 2151 paucissimis
1414 2115 1449 2144 et
1468 2110 1579 2154 duplo
1597 2111 1808 2155 majoribus.

376 2165 444 2200 Ar.
464 2166 607 2210 Geogr.
625 2169 819 2214 Himalaya
839 2175 1043 2214 temperata
1061 2172 1311 2208 occidentalis.

214 2292 304 2337 660,
338 2290 602 2341 Mespilus
626 2292 848 2334 smithii
871 2307 880 2334 :

377 2374 424 2409 Ut
450 2375 528 2409 loco
555 2376 665 2410 citato
686 2382 958 2413 autumaveram
976 2380 1098 2423 proles
1117 2381 1271 2426 hybrida
1298 2394 1391 2417 nunc
1418 2386 1561 2420 nomine
1590 2386 1644 2420 M.
1678 2387 1892 2423 Germanico

329 2425 372 2460 Χ
390 2424 630 2465 oaeyacanthae
650 2423 885 2468 designanda.
906 2427 998 2461 Vide
1019 2428 1133 2462 Gillot
1150 2430 1185 2462 in
1206 2429 1302 2463 Bull.
1325 2434 1402 2464 Soc.
1424 2431 1504 2465 Bot.
1526 2433 1598 2475 Fr„
1624 2434 1759 2477 XXIII,
1780 2446 1813 2478 p.
1839 2439 1894 2468 14.

212 2546 303 2591 660,
338 2546 623 2598 Crataequs
641 2551 1008 2592 tanacetifolia
1031 2564 1041 2592 :

374 2627 460 2661 Cum
483 2627 552 2662 hac
579 2631 699 2672 specie
720 2631 763 2665 cl.
789 2632 940 2677 Wenzig
968 2634 1071 2668 Linn.
1102 2637 1146 2670 38
1182 2636 1218 2671 C.
1252 2637 1466 2672 Orientalem
1496 2645 1531 2673 et
1565 2645 1603 2673 ut
1624 2642 1821 2676 varietates
1853 2642 1889 2676 C.

320 2674 568 2718 pycnolobam,
593 2676 629 2712 C.
648 2678 874 2713 Heldreichii
894 2687 929 2714 et
952 2681 988 2716 G.
1014 2682 1226 2716 laciniatam
1250 2683 1359 2718 Ucria
1386 2687 1574 2730 conjungit
1598 2698 1678 2730 quae
1708 2690 1888 2723 sententia

328 2720 414 2753 mihi
434 2731 505 2754 non
523 2728 580 2756 sat
600 2723 767 2766 probata.

209 2846 298 2890 663,
333 2845 386 2884 C.
414 2845 634 2887 Sinaica
657 2860 666 2887 :

371 2927 474 2962 Hanc
500 2934 539 2963 ut
560 2935 596 2964 et
625 2931 661 2966 C.
689 2931 970 2977 heterophyllam
1002 2936 1069 2979 Fl.,
1101 2938 1136 2973 C.
1157 2940 1380 2981 pectinatam
1412 2941 1448 2975 C.
1475 2942 1584 2985 A.M.,
1614 2944 1650 2978 C.
1675 2944 1886 2978 laciniatam

323 2974 432 3026 Stev.‚
450 2975 485 3010 C.
506 2976 733 3020 layenarz'am
750 2980 788 3012 F.
811 2986 845 3013 et
860 2981 909 3014 M.
925 2989 964 3014 ut
986 2988 1020 3015 et
1040 2983 1077 3017 C'.
1100 2984 1269 3019 Mauram
1286 2986 1497 3021 Africanam
1517 2995 1551 3022 et
1570 2989 1604 3024 C.
1624 2990 1882 3025 Granatensem

324 3020 554 3064 Hispanicam
577 3024 620 3057 cl.
640 3025 790 3069 Wenzig
808 3027 887 3061 loco
902 3029 960 3061 cit.
980 3035 1018 3062 ut
1036 3031 1232 3065 varietates
1250 3033 1285 3067 G.
1305 3044 1519 3078 ›nmmqynce
1543 3036 1757 3071 adnumerat
1776 3048 1883 3080 quam

322 3068 525 3110 opinionem
544 3069 602 3104 hic
620 3070 754 3105 adnoto
776 3084 839 3107 nec·
860 3077 1048 3109 assentior.
