2094 3351
190 244 260 280 248

189 325 261 360 rag.

892 257 1168 283 CRASSULACEAE.
1586 249 1861 296 Sempervivum.

310 385 508 429 Diopoyon
528 395 608 429 quae
629 385 753 420 eadem
775 391 830 420 est
849 396 892 420 ac
907 387 1122 421 Jovisbarba
1141 387 1244 422 Koch
1263 388 1438 423 adscribit
1459 394 1495 424 et
1514 390 1618 434 cujus
1637 390 1868 426 characteres

310 438 418 466 sunt:
447 433 575 476 sepala
607 437 643 466 et
672 433 796 476 petala
820 434 879 467 6-7
908 444 974 468 nec
1004 436 1119 478 12-14,
1145 436 1427 478 campanulatim
1451 442 1574 471 erecta
1602 447 1668 472 nec
1696 438 1870 473 stellatim

309 480 485 522 patentia.
507 479 542 514 S.
563 479 716 524 Regino:
735 480 889 514 Amalioe
908 481 1014 515 Held.
1037 488 1071 515 et
1090 483 1183 516 Sart.
1203 488 1323 517 autem
1342 483 1446 527 cujus
1466 485 1662 528 specimina
1682 486 1805 529 typica
1825 495 1870 520 ex

308 531 429 560 monte
450 527 629 561 Parnasso
647 537 668 561 a
689 527 732 560 cl.
755 527 960 561 Guicciardi
984 528 1080 562 lecta
1103 529 1137 562 in
1167 529 1293 563 Heldr.
1321 530 1378 564 Fl.
1401 530 1530 565 Graeca
1556 532 1685 566 exsicc.
1707 532 1758 566 ΝΟ
1776 534 1868 567 2982

309 573 446 607 contuli
465 579 520 608 est
541 574 684 608 omnino
709 574 1028 618 fflasempervivum
1053 576 1188 619 sepalis
1217 582 1253 610 et
1276 577 1407 620 petalis
1436 580 1540 612 12-14
1565 580 1758 622 purpureis
1783 579 1869 615 stel-

309 620 411 701 latlim
432 620 652 664 patentibus.
677 621 754 656 Hoc
776 627 898 656 autem
924 622 1050 656 saltem
1080 633 1124 657 ex
1144 623 1239 657 sicco
1259 633 1281 658 a
1301 624 1338 658 S.
1358 628 1529 659 tectorum
1555 625 1778 670 distinguere
1797 637 1869 661 non

310 677 353 701 va
372 677 425 702 eo.

515 919 723 960 ORDO
767 920 900 960 L11.
944 920 1545 962 SAXIFRAGACEAE

193 1138 285 1184 801,
316 1139 411 1188 post
436 1136 785 1188 Saxiiraqam
809 1136 1075 1188 Spruneri
1096 1136 1232 1178 insere
1254 1149 1262 1177 :

190 2039 283 2085 801,

192 2379 284 2424 801,

353 1225 406 1265 S.
443 1225 762 1276 Affqhanica
795 1224 952 1274 (Aitch.
993 1229 1036 1266 et
1074 1225 1233 1266 Hemsl.
1269 1225 1416 1266 Journ.
1453 1225 1574 1266 Linn.
1616 1225 1709 1267 Soc.
1754 1229 1868 1275 1881,

329 1310 337 1317 .
370 1281 436 1325 56,
461 1282 503 1318 et
526 1281 640 1326 1882,
666 1277 753 1319 tab.
785 1278 859 1326 IX,
887 1277 959 1330 fig.
986 1280 1098 1327 6-12)
1126 1279 1345 1330 caespitosa
1372 1279 1613 1330 pulvinaris,
1644 1279 1871 1321 caudiculis

328 1331 497 1371 revibus
530 1331 657 1372 dense
689 1335 732 1371 et
760 1331 1013 1372 imbn‘catini
1044 1330 1213 1380 foliosis,
1237 1330 1344 1372 foliis
1370 1334 1509 1384 parvis
1538 1332 1728 1384 oblongis
1753 1332 1873 1374 obtu-

295 1382 352 1424 sis
391 1383 655 1425 subincurvis
692 1384 921 1425 carnosulis
959 1384 1108 1425 subtus
1147 1384 1296 1425 obtuse
1333 1385 1532 1426 carinatis
1575 1385 1873 1437 subtriquctris

294 1448 424 1488 supra
443 1448 569 1488 parce
589 1436 805 1478 foveolatis
825 1436 935 1477 infra
954 1437 1139 1478 medium
1160 1438 1310 1479 ciliatis
1336 1438 1526 1489 margine
1547 1443 1727 1490 anguste
1747 1439 1871 1479 carti-

296 1489 488 1541 lagineis,
512 1490 700 1531 caulibus
720 1489 912 1531 floriferis
932 1490 1187 1531 brevissimis
1209 1491 1451 1543 corymbose
1473 1491 1674 1532 3-4-fl0ris
1696 1491 1871 1543 glandu-

295 1542 394 1583 losis
412 1541 520 1583 foliis
544 1543 689 1595 paucis
709 1543 1130 1595 lineari-spathulatis
1154 1544 1314 1592 obsitis,
1349 1544 1501 1596 calycis
1521 1544 1755 1596 glandulosi
1775 1556 1873 1597 pur-

295 1595 414 1647 purei
437 1595 598 1637 laciniis
620 1595 811 1647 oblongis
839 1596 1015 1644 obtusis,
1044 1597 1193 1648 petalis
1223 1597 1327 1637 albis
1354 1597 1750 1649 purpureo-lineatis
1777 1597 1874 1638 obo-

297 1649 404 1741 valtis
444 1648 587 1701 calyce
625 1649 751 1701 duplo
786 1649 1057 1701 longioribus,
1093 1650 1320 1690 seminibus
1354 1650 1543 1702 oblongis
1578 1651 1755 1702 sparsim
1790 1649 1873 1691 hir-

297 1705 344 1741 tu
362 1702 396 1742 is
424 1705 482 1748 91.

311 1772 679 1864 (Affalbhzgtgqrupes
710 1773 826 1807 faucis
861 1773 1036 1808 Shendtoi
1065 1773 1170 1808 vallis
1206 1774 1343 1808 Kuram
1382 1774 1589 1818 Affghaniae
1627 1776 1865 1809 7500-11000'

360 1831 370 1854 1
392 1831 409 1854 c
439 1847 446 1854 .
548 1847 554 1854 .
575 1848 581 1853 .

356 1884 413 1918 Ex
433 1884 614 1919 affinitate
633 1883 670 1919 S.
689 1884 933 1929 Rochelzhnoe,
956 1884 1046 1919 folia
1066 1884 1211 1919 dimidio
1232 1885 1383 1920 minora.

320 2037 373 2076 S.
401 2037 579 2086 Boryi‚
611 2035 720 2077 adde
753 2035 808 2076 ad
834 2036 901 2077 dia
935 2036 1052 2077 nosin
1081 2049 1089 2076 :
1124 2036 1272 2077 Petala
1303 2036 1400 2077 alba
1427 2035 1873 2088 elliptico-spathulata

296 2089 438 2142 calyce
459 2088 586 2141 duplo
606 2089 797 2141 longiora
817 2088 908 2140 (Pic
940 2089 968 2129 l.
991 2101 1077 2129 exs.
1093 2089 1139 2140 1).

357 2179 475 2214 Valde
496 2178 616 2213 affinis
635 2178 671 2213 S.
692 2179 908 2223 maryinatae
934 2180 1088 2222 quacum
1118 2189 1195 2213 eam
1223 2179 1267 2213 cl.
1290 2179 1427 2222 Engler
1447 2178 1571 2212 forsan
1599 2189 1670 2212 non
1696 2179 1873 2213 immerito

310 2227 509 2270 conjungit,
527 2226 652 2270 petala
674 2231 796 2260 tamen
817 2226 986 2261 breviora
1007 2232 1043 2260 et
1062 2227 1275 2270 angustiora
1295 2226 1501 2270 calycisqne
1522 2226 1662 2260 laciniae
1681 2227 1872 2261 acutiores.

316 2379 412 2427 post
436 2376 488 2415 S.
516 2375 834 2416 Scardicam
853 2375 990 2416 insere
1012 2388 1020 2415 ε

356 2463 409 2502 S.
446 2462 681 2502 Sartorii
715 2461 881 2513 (Heldr.
909 2462 952 2502 in
982 2461 1154 2513 Sched.)
1175 2463 1408 2514 caespitosa,
1428 2461 1656 2502 caudiculis
1676 2461 1872 2502 brevibus

300 2515 428 2555 dense
449 2520 493 2555 et
513 2514 767 2555 imbricatim
794 2514 964 2563 foliosis,
989 2514 1095 2555 foliis
1123 2514 1268 2566 rigidis
1299 2515 1457 2566 glaucis
1489 2514 1646 2566 glabris
1678 2514 1874 2566 oblongo-

296 2568 543 2609 lanceolatis
583 2568 717 2608 acutis
754 2579 803 2608 su
836 2580 934 2608 erne
972 2568 1242 2619 planiusculis
1278 2570 1426 2608 subtus
1471 2567 1872 2608 convexo-carinatis

298 2620 462 2661 inferne
483 2620 797 2661 denticulato-ci
817 2620 958 2661 iatulis
985 2621 1174 2671 margine
1203 2619 1434 2669 foveolatis,
1464 2620 1651 2662 caulibus
1681 2619 1873 2660 floriferis

297 2673 485 2715 breviter
505 2673 659 2714 foliatis
681 2672 953 2726 glandulosis,
977 2673 1162 2726 corymbi
1184 2673 1299 2714 (lensi
1329 2673 1541 2726 pedicellis
1570 2672 1672 2713 flore
1699 2673 1873 2731 subbre-

298 2726 500 2775 vioribus,
537 2726 688 2777 calycis
722 2725 844 2767 valde
877 2726 1113 2777 glandulosi
1148 2726 1307 2767 laciniis
1346 2727 1479 2767 ovatis
1512 2725 1687 2774 obtusis,
1722 2725 1872 2777 petalis

299 2779 405 2820 albis
428 2779 617 2820 obovatis
638 2779 778 2832 calyce
799 2779 924 2831 triplo
948 2779 1204 2831 longioribus
1231 2783 1289 2826 21.

355 2851 448 2884 Hab.
470 2851 506 2884 in
529 2851 680 2894 rupibus
699 2851 831 2884 montis
851 2851 984 2894 Delphi
1006 2851 1194 2895 (Dirphys)
1216 2850 1365 2885 Euboeae
1387 2850 1548 2893 (Heldr.!
1563 2850 1756 2890 Pichleri).

359 2914 533 2948 Omnibus
547 2915 641 2948 notis
661 2914 768 2948 valde
786 2913 906 2948 affinis
920 2914 956 2948 S.
972 2913 1155 2949 Sem-‹lica›
1170 2924 1190 2948 a
1204 2915 1275 2958 qua
1290 2913 1412 2948 differt
1426 2918 1568 2948 tantum
1585 2913 1718 2957 calycis
1733 2912 1872 2946 laciniiS

311 2960 569 2996 obtusioribus.
593 2960 837 2995 Probabiliter
857 2961 966 3005 hujus
988 2962 1156 2996 varietas.
