2094 3351
215 240 258 275 '12
937 248 1160 273 canen-‘Ena
1645 237 1887 283 Sisymbrium.

229 320 299 354 Pag.

213 375 304 419 214,
335 375 430 423 post
453 371 823 422 sisymbrium
846 369 1251 410 Grifiithianum
1271 369 1407 410 insere
1431 382 1438 409 ;

375 460 429 500 S.
449 460 706 500 strictum
725 459 892 511 (Camb.
916 459 957 499 in
978 458 1195 511 Jacquem.
1214 459 1318 512 Voy.
1341 459 1375 507 I,
1402 462 1463 507 16,
1484 459 1572 500 tab.
1598 462 1660 508 16,
1679 459 1756 500 sub
1776 458 1891 501 Mal-

317 512 482 561 colmict]
495 524 677 553 annuum
693 512 803 564 pube
818 512 988 553 stellata
1002 523 1239 560 canescens,
1254 511 1442 552 caulibus
1456 512 1614 553 strictis
1628 511 1781 553 foliatis
1794 512 1890 553 sim-

318 565 509 617 plicibus,
526 564 634 605 foliis
650 564 1076 616 oblongo-linearibus
1096 564 1466 605 sinuato-dentatis
1487 564 1660 605 caulinis
1679 564 1892 606 sessilibus

320 630 400 658 non
421 618 679 664 auriculatis,
703 616 872 658 floribus
893 617 1032 669 parvis
1053 617 1180 658 dense
1200 617 1411 668 capitatis,
1434 617 1646 669 pedicellis
1666 617 1807 668 calyce
1825 617 1891 657 vix

320 671 591 722 longioribus,
613 670 763 722 petalis
780 671 907 710 roseis
924 669 1106 721 calycem
1121 670 1321 710 stellatim
1339 669 1637 721 pubescentem
1651 669 1741 710 basi
1755 682 1790 711 ae
1821 681 1892 710 ua-

320 723 401 764 lem
421 735 569 775 parum
591 722 909 770 excedentibus,
944 733 1110 763 racemo
1136 721 1351 763 fructifero
1377 722 1571 774 elongato
1594 722 1686 763 laxo
1714 722 1793 774 rigi
1825 722 1893 763 ulo

320 775 485 828 aphyllo
498 808 507 823 ,
547 775 761 827 pedicellis
799 773 1025 815 fructiferis
1063 775 1259 815 tenuibus
1293 775 1707 827 erecto-patentibus
1745 775 1894 827 siliqua

319 828 442 869 tereti
463 829 579 869 tenui
598 828 745 879 glabra
760 828 915 879 5-6-plo
930 827 1205 876 brevioribus,
1223 828 1331 879 stylo
1348 827 1498 869 obtuso
1512 828 1575 884 silj
1607 839 1671 868 uae
1689 827 1894 868 diametro

319 881 553 974 ἰὲἑῗιῆοῃςο
581 884 644 930 Θ.
676 881 720 922 S.
750 880 945 921 strictum
966 880 1102 921 Hook.
1131 885 1175 921 et
1202 880 1372 921 Thoms.
1404 880 1550 921 Journ.
1615 881 1702 921 inn.
1726 879 1818 921 Soc.
1840 879 1892 928 V,

356 952 369 975 J
402 966 411 974 .

381 1005 476 1039 Hab.
498 1005 545 1039 ad
565 1005 741 1040 Shendtoi
760 1005 906 1039 ditionis
922 1004 1060 1039 Kuram
1079 1004 1284 1049 Affghaniae
1304 1004 1438 1048 (Aitch.
1456 1006 1520 1039 251
1533 1006 1568 1048 1).

379 1070 515 1104 Pedalc
535 1075 570 1104 et
600 1070 742 1113 elatius,
761 1080 925 1104 racemus
951 1069 1098 1104 tandem
1130 1069 1407 1113 3-5-pollicaris‚
1433 1069 1573 1113 siliquae
1605 1068 1895 1113 sesquipollicem

332 1117 462 1161 longae.
482 1117 592 1151 Facie
610 1117 851 1152 Malcolmiam
878 1117 1004 1152 Chiam
1023 1122 1057 1151 et
1078 1116 1240 1151 Graecam
1259 1116 1422 1152 referens
1443 1117 1510 1151 etsi
1528 1116 1636 1151 flores
1655 1116 1769 1151 multo
1786 1116 1895 1150 mino-

332 1175 389 1199 res
411 1165 492 1245 εἰηὲ,
512 1164 575 1199 sed
590 1164 634 1198 ob
656 1165 789 1209 stylum
811 1164 1046 1209 cylindricum
1070 1169 1105 1199 et
1125 1169 1266 1207 septum
1286 1174 1357 1198 non
1379 1163 1551 1198 fibrosum
1571 1162 1766 1208 Sisymb‘n'o
1784 1162 1896 1197 adnu—

331 1222 456 1246 nleran
485 1223 555 1245 um.

377 1275 444 1309 Ar.
467 1274 611 1318 Geogr.
634 1276 827 1320 Himalaya
845 1275 1081 1311 occidentalis
1099 1280 1305 1320 temperata
1322 1275 1368 1310 ad
1387 1275 1581 1319 Nepaliam
1598 1285 1723 1319 usque.

377 1417 425 1455 S.
450 1415 636 1455 Huetii
656 1415 790 1455 Boiss.
813 1414 876 1455 Fl.
901 1413 973 1457 Or.
996 1415 1030 1455 I.
1052 1414 1162 1455 Add.
1191 1427 1232 1467 p.
1262 1418 1354 1455 957.
1382 1438 1434 1442 —
1464 1412 1718 1456 Cardamine
1746 1413 1898 1455 Hzcetii

320 1468 454 1509 Boiss.
492 1468 643 1520 Diagn.
674 1467 764 1509 Ser.
796 1467 852 1514 II,
888 1471 926 1516 5,
960 1480 1001 1520 p.
1035 1471 1098 1508 18.
1126 1489 1179 1495 —
1206 1467 1470 1509 Hutchinsia
1494 1466 1699 1519 siliquosa
1724 1465 1827 1518 Bge.
1856 1467 1897 1507 in

321 1520 509 1569 Seidlitz‚
531 1534 573 1573 p.
597 1522 668 1562 80!
691 1544 744 1548 —
764 1520 924 1562 Arabis
950 1522 1110 1574 petraea
1129 1520 1243 1561 M.B.
1274 1519 1555 1562 Taur.-Cauc.
1585 1519 1661 1566 III,
1722 1551 1731 1560 .
1752 1522 1829 1561 447
1855 1523 1898 1560 et

321 1574 423 1615 C.A.
447 1573 558 1626 Mey.
578 1574 732 1614 Enum.
756 1585 839 1614 non
854 1573 902 1614 L.
919 1597 972 1602 -
988 1573 1268 1626 Arabidopsis
1282 1571 1548 1626 pinnatzfida
1561 1585 1649 1613 var.
1730 1571 1899 1614 ucasica

321 1628 452 1679 Rupr.
475 1626 539 1668 Fl.
563 1626 691 1668 Cauc.
715 1639 756 1679 p.
779 1630 845 1668 86.

378 1697 471 1732 Hab.
490 1698 527 1732 in
547 1698 695 1742 regione
715 1697 840 1742 alpina
860 1697 966 1731 Ponti
986 1697 1108 1731 Lazici
1127 1707 1242 1741 prope
1266 1696 1393 1740 Djimil
1414 1698 1516 1731 7500‘
1535 1696 1678 1740 (Bal.!),
1697 1697 1733 1730 in
1752 1696 1899 1740 regione

333 1745 458 1788 alpina
486 1750 522 1779 et
543 1745 655 1791 niuali
681 1744 758 1780 fere
788 1745 900 1779 totius
925 1745 1077 1779 Caucasi
1108 1745 1144 1778 in
1169 1743 1332 1788 rupibus,
1356 1743 1554 1787 schistosis,
1575 1749 1610 1779 et
1632 1743 1808 1788 glareosis
1826 1748 1899 1777 tor-

333 1793 489 1826 rentium
519 1793 733 1826 6500-9000'
766 1791 912 1835 (Rupr.!
942 1791 1192 1835 Brotherusl).
1216 1791 1400 1825 Immerito
1423 1801 1445 1825 a
1471 1791 1515 1825 cl.
1547 1791 1737 1835 Ruprecht
1759 1789 1795 1825 S.
1816 1790 1899 1834 pin-

331 1840 485 1920 ηςιῖίῇδάο
505 1839 783 1920 Ἦᾷὲυωεῑαιυῐη
799 1834 826 1873 'a
843 1849 913 1883 quo
931 1838 1081 1874 floribus
1102 1844 1137 1873 et
1157 1838 1290 1882 petalis
1309 1838 1421 1882 triplo
1438 1838 1649 1882 maJ'oribus,
1667 1837 1807 1882 siliquis
1824 1837 1899 1871 lon·

333 1897 423 1931 glori
453 1897 494 1921 us
540 1898 550 1920 1
582 1891 648 1921 ert.

217 2024 819 2131 214’E5geblrildqul'5'adde
856 2036 947 2077 syn.
992 2037 1000 2064 :
1043 2023 1328 2078 Sisymbrium
1374 2037 1550 2065 vernum
1594 2022 1765 2064 Seidlitz
1802 2021 1898 2063 Bot.

380 2166 473 2201 Hah.
500 2167 536 2200 in
561 2166 743 2200 montibus
775 2176 886 2209 supra
919 2165 1039 2200 Terek
1070 2171 1105 2200 et
1137 2165 1282 2199 Mardin
1314 2164 1588 2208 Mesopotamiae
1617 2163 1832 2207 (Haussk.l)‚
1863 2163 1901 2197 in

334 2214 481 2258 regione
512 2214 699 2257 superiore
728 2213 860 2247 montis
893 2212 1046 2247 Elwend
1080 2213 1233 2247 Persiae!
1254 2213 1341 2246 Var.
1371 2212 1613 2257 brachycarpa
1632 2212 1666 2245 in
1693 2210 1832 2245 Libano
1854 2209 1901 2245 ad

334 2261 469 2295 Cedros
488 2260 783 2304 (Schlumberger
794 2260 829 2303 ἒ).

217 2403 308 2447 214,
339 2402 434 2451 post
458 2399 511 2439 S.
533 2398 742 2438 nudum
762 2397 898 2438 insere
921 2409 930 2437 :

379 2487 432 2526 S.
463 2486 828 2526 Himalaicum
858 2484 1013 2534 (Hook.
1036 2484 1094 2525 fil.
1127 2488 1170 2525 et
1189 2483 1268 2525 Th.
1291 2483 1439 2525 Journ.
1468 2483 1591 2524 Linn.
1615 2482 1708 2524 Soc.
1731 2482 1783 2532 V,
1808 2481 1899 2530 160)

321 2539 415 2592 pilis
453 2538 711 2591 simplicibus
758 2537 1033 2591 papillaribus
1076 2537 1334 2589 ramosisque
1379 2536 1632 2577 intermixtis
1673 2535 1897 2584 hirsutum,

323 2592 440 2634 caule
467 2591 583 2633 tenui
610 2595 764 2639 erecto,
794 2591 921 2632 ramis
951 2590 1183 2633 numerosis
1215 2589 1404 2642 rigidulis
1434 2589 1765 2641 erecto-patulis,
1793 2587 1901 2629 foliis

322 2644 694 2686 sinuato-dentatis
716 2643 969 2685 radicalibus
989 2642 1202 2696 petiolatis
1229 2642 1403 2683 caulinis
1429 2642 1642 2683 sessilibus
1668 2641 1898 2693 sagittatis,

323 2697 494 2739 floribus
520 2697 761 2745 racemosis,
784 2696 997 2749 pedicellis
1055 2695 1269 2736 atentibus
1295 2695 1446 2747 siliqua
1474 2695 1616 2735 erecta
1641 2693 1902 2736 brevioribus

323 2751 413 2792 basi
432 2750 608 2792 bractea
626 2751 757 2802 parva
775 2749 958 2801 oblonga
977 2760 1024 2790 su
1060 2748 1174 2796 ultis,
1196 2747 1368 2789 floribus
1384 2748 1557 2789 minutis
1576 2747 1722 2796 roseis,
1743 2746 1901 2799 siliquis

325 2803 520 2844 tenuibus
540 2803 746 2844 teretibus
765 2802 1115 2854 subpollicaribus
1135 2801 1291 2854 glabris
1313 2800 1377 2842 vel
1396 2800 1611 2853 puberulis
1639 2803 1703 2849 Θ.

381 2875 475 2910 Hab.
496 2876 532 2909 in
549 2875 646 2909 valle
663 2874 800 2909 Kuram
821 2873 1027 2918 Affghaniae
1047 2873 1198 2917 (Aitch.)

383 2939 504 2974 Affine
521 2939 558 2974 S.
575 2939 790 2983 mollissimo,
808 2938 873 2973 sed
889 2938 1033 2973 tenuius
1051 2943 1088 2972 et
1107 2938 1285 2972 ramosius
1304 2942 1340 2972 et
1359 2936 1494 2972 racemi
1513 2936 1693 2971 bracteati
1711 2945 1779 2970 nec
1801 2934 1900 2970 nudi.

382 3002 451 3037 Ar.
475 3001 620 3045 Geogr.
639 3002 836 3047 Himalaya
853 3007 1071 3046 temperata.
