2115 3250
225 226 466 262 Ranunculus.
904 234 1221 259 RANUNCU1.ACE.E.
1875 220 1895 254 9

242 309 316 409 ἒξ,
350 360 408 398 R.
437 358 715 409 palustris,
743 359 863 397 muta
886 356 965 397 hoc
990 367 1139 397 nomen
1167 357 1209 397 iu
1237 357 1295 396 R.
1326 355 1688 406 eriophyllum
1710 354 1756 394 C.
1782 353 1895 394 Koch

332 411 472 464 (Linn.
494 410 608 459 XIX,
630 422 672 462 p.
694 410 763 461 46)
785 413 827 450 et
846 420 1103 462 synonymon
1126 406 1408 449 Tournefortii
1429 407 1533 448 dele.

390 499 441 534 Cl.
459 499 579 543 Freyn
599 497 861 532 demonstravit
887 497 1013 539 (Flora
1041 498 1141 539 1880,
1169 507 1203 539 p.
1231 498 1299 529 220
1325 500 1360 529 et
1386 494 1473 538 seq.)
1500 494 1661 537 plantam
1681 493 1898 527 Tournefor-

342 547 481 580 tianam
508 556 529 579 a
557 545 707 580 Smithio
732 544 798 579 sub
824 544 868 578 R.
891 544 1051 587 palustri
1078 543 1118 577 L.
1144 553 1214 576 non
1235 543 1452 585 descriptam
1483 551 1504 574 a
1529 543 1654 575 nostra
1674 542 1794 583 specie
1824 551 1898 574 car-

343 593 450 636 pellis
476 592 583 626 dorso
604 602 673 625 non
702 591 889 625 bisulcatis
910 591 1064 634 aliisque
1090 591 1183 624 notis
1207 589 1364 623 differre.
1387 588 1473 631 Quis
1499 589 1544 622 sit
1572 588 1627 621 hic
1659 588 1703 621 R.
1728 588 1902 630 palustris

344 641 414 675 Sm.
444 640 622 673 incertum
647 638 766 673 adhuc
792 642 966 672 remanet.
993 637 1038 671 R.
1067 637 1280 681 eriophyllus
1305 636 1340 669 in
1367 636 1475 669 Istria
1505 641 1540 668 et
1568 635 1751 668 Dalmatia
1782 634 1900 669 ‹Tom-

345 687 473 720 masini
493 691 529 720 et
554 686 760 720 Ascherson
780 695 824 719 ex
845 684 990 729 Freyn),
1011 684 1184 727 Bulgaria
1206 682 1353 727 (Freyn)
1376 692 1517 725 quoque
1538 682 1678 724 crescit,
1697 681 1760 715 sed
1780 682 1900 714 caeteri

344 733 414 767 loci
436 733 607 776 Europaei
625 737 660 767 et
680 731 844 766 Africani
867 732 903 765 in
927 732 992 765 Ar.
1014 731 1139 775 Geoyr.
1158 730 1357 764 enumerati
1378 729 1424 763 ad
1446 729 1490 763 R.
1510 729 1782 773 macrophyllum
1803 728 1901 761 Desf.

344 780 402 814 vel
428 780 474 814 ad
503 780 549 814 R.
578 779 820 814 ascendentem
840 779 939 812 Brot.
961 783 996 812 et
1023 778 1068 812 R.
1092 778 1238 812 Broteri
1261 778 1380 821 Freyn
1406 776 1543 819 species
1568 775 1696 809 affines
1722 774 1901 808 referendi

353 832 448 862 sunt.

260 959 324 1005 38,
358 957 416 996 R.
439 955 830 1006 chionophiIUS,
854 953 962 995 adde
981 954 1091 994 locos
1115 968 1122 994 :

391 1043 550 1078 Libanus
568 1044 605 1078 in
621 1053 758 1078 summo
784 1047 903 1077 monte
927 1043 1060 1078 Sannin
1087 1041 1278 1085 (Ehrenb.!
1305 1041 1369 1075 sul»
1393 1041 1437 1075 R.
1460 1040 1691 1085 hypsophilo).
1716 1039 1762 1072 ad
1786 1039 1902 1073 lacum

343 1091 505 1125 Tamune
521 1092 624 1125 4600'
647 1090 899 1134 (Schweinffl),
919 1100 1029 1133 supra
1050 1090 1238 1133 Yamouny
1256 1088 1338 1122 Nad
1361 1088 1436 1121 Dar
1457 1088 1489 1122 el
1513 1086 1630 1120 Kadib
1653 1087 1766 1126 (Bl.!).

252 1228 317 1274 40,
348 1228 444 1277 post
465 1225 523 1264 R.
547 1224 952 1274 amblyolobum
972 1223 1108 1264 insere
1130 1235 1139 1262 :

387 1311 444 1351 R.
463 1309 727 1351 vitifolius
747 1309 899 1362 (Boiss.
922 1313 965 1349 et
984 1308 1076 1349 Bal.
1099 1309 1141 1349 in
1162 1308 1253 1349 Bal.
1274 1320 1358 1349 exs.
1382 1310 1482 1348 1666
1503 1318 1584 1347 non
1606 1305 1752 1358 Royle)
1772 1305 1905 1346 rhizo-

333 1367 447 1404 mate
465 1363 711 1404 horizontali
732 1373 896 1403 ramoso
916 1361 1044 1402 fibras
1065 1366 1212 1402 tenues
1234 1361 1450 1411 elongatas
1480 1359 1645 1407 edente,
1675 1358 1782 1399 cauli
1812 1371 1906 1410 gra-

333 1416 399 1457 cili
420 1416 530 1457 elato
552 1415 787 1456 dichotome
809 1414 1012 1463 3-4-fl0r0,
1036 1413 1143 1455 foliis
1163 1414 1239 1454 sub
1261 1414 1373 1454 lente
1394 1413 1591 1464 adpresse
1615 1411 1736 1452 hirtis
1757 1411 1905 1452 subtus

332 1469 619 1521 pallidioribus
646 1468 899 1509 radicalibus
925 1467 1048 1519 longe
1068 1467 1279 1519 petiolatis
1301 1466 1447 1518 amplis
1475 1464 1907 1505 cordato-suborbicu-

335 1522 430 1562 latis
465 1521 519 1562 ad
545 1521 731 1562 medium
764 1521 988 1573 tripartitis
1019 1519 1317 1572 partitionibus
1349 1518 1559 1559 rhombeis
1594 1521 1717 1558 acute
1750 1517 1904 1565 incisis,

334 1575 507 1616 caulinis
532 1577 596 1615 1-2
616 1573 925 1621 subsessilibus‚
947 1573 1152 1625 supremis
1178 1572 1350 1613 minutis
1371 1571 1628 1618 lanceolatis‚
1652 1570 1803 1621 sepalis
1825 1570 1906 1610 cito

335 1627 520 1668 deciduis
526 1659 624 1674 ......
646 1626 797 1679 petalis
819 1626 1007 1666 obovatis
1028 1626 1187 1666 obtusis
1209 1625 1359 1672 aureis,
1383 1624 1497 1676 spica
1524 1623 1709 1675 globosa,
1733 1623 1799 1663 axi
1825 1622 1908 1662 hir-

332 1681 442 1729 suta,
467 1679 657 1732 carpellis
676 1679 858 1720 minimis
875 1679 1007 1719 ovatis
1028 1678 1355 1729 subcompressis
1375 1677 1546 1718 laevibus
1568 1680 1689 1716 acute
1708 1676 1907 1716 carinatis

333 1734 374 1774 in
395 1736 578 1773 rostrum
598 1732 890 1773 brevissimum
910 1731 1170 1783 triangulare
1190 1734 1351 1771 rectum
1374 1729 1625 1770 abeuntibus
1653 1733 1710 1775 ⁵21.

392 1804 486 1838 Hab.
507 1805 543 1838 in
564 1804 663 1839 silvis
685 1804 801 1838 Piceae
823 1803 1021 1838 Orientalis
1042 1813 1156 1846 prope
1179 1802 1305 1846 Djimil
1326 1802 1429 1836 5200'
1449 1801 1588 1844 (Bali).

386 1872 424 1924 β.
447 1867 600 1909 minor.
620 1891 672 1895 —
690 1866 807 1908 Folia
827 1867 952 1919 triplo
973 1867 1148 1908 minora.

394 1939 487 1974 Hab.
508 1940 543 1974 in
562 1939 662 1974 silvis
682 1939 838 1973 humidis
858 1939 963 1973 Ponti
984 1939 1107 1973 Lazici
1125 1938 1298 1973 littoralis
1319 1948 1434 1982 prope
1455 1938 1568 1972 Rhize
1591 1937 1683 1980 (Bal.
1697 1937 1730 1979 !).

395 2004 515 2039 Cauiis
544 2005 580 2038 in
611 2009 698 2049 typo
724 2003 905 2047 bipedalis
935 2003 1031 2037 foliis
1059 2003 1280 2037 radicalibns
1309 2005 1369 2036 3-4
1398 2002 1547 2046 pollices
1566 2002 1681 2044 longis
1703 2006 1738 2035 et
1759 2001 1855 2042 latis,
1874 2001 1908 2033 in

346 2052 525 2086 varietate
556 2051 786 2095 semipedalis
819 2051 916 2085 foliis
950 2050 1057 2084 diam.
1090 2049 1462 2094 sesquipollicaribus.
1494 2049 1601 2092 Spica
1631 2048 1819 2082 fructifera
1850 2048 1906 2080 vix

346 2098 595 2142 magnitudine
621 2099 701 2142 pisi,
728 2098 892 2142 carpella
916 2098 1022 2132 lineae
1047 2097 1084 2139 ²l³
1105 2103 1246 2131 tantum
1274 2097 1383 2141 longa
1407 2097 1555 2140 juniora
1581 2096 1751 2140 stigmate
1777 2095 1908 2129 subun-

346 2145 550 2227 cinatdofised
569 2152 714 2180 matura
732 2151 851 2180 rostro
866 2145 967 2179 brevi
988 2145 1063 2179 lato
1084 2149 1183 2179 recto
1205 2150 1390 2188 superata,
1412 2146 1483 2188 qua
1504 2145 1590 2177 nota
1611 2153 1631 2177 a
1652 2143 1696 2177 R.
1723 2142 1908 2186 Cappado-

346 2193 418 2228 cico
460 2193 470 2227 i
502 2198 567 2227 ert.

389 2325 447 2364 R.
488 2324 707 2364 subtilis
740 2323 933 2374 (Trautv.
976 2323 1075 2364 Mel.
1112 2323 1218 2364 Biol.
1252 2322 1361 2364 Bull.
1393 2322 1584 2363 Petersb.
1621 2321 1712 2370 VI.)
1746 2321 1907 2373 glaber,

334 2377 565 2418 rhizomate
583 2377 701 2418 brevi
721 2377 837 2417 tenui
857 2376 984 2417 fibras
1005 2380 1152 2417 tenues
1174 2376 1338 2424 edente,
1362 2375 1466 2416 collo
1487 2375 1654 2422 fibi-om,
1674 2374 1779 2414 foliis
1800 2374 1910 2414 radi-

336 2430 495 2471 calibus
517 2433 583 2471 2-3
602 2429 741 2482 parvis
757 2428 887 2470 firmis
902 2429 1026 2481 longe
1045 2429 1258 2481 petiolatis
1278 2428 1368 2468 basi
1388 2427 1651 2468 subcordatis
1672 2431 1909 2467 transverse

334 2482 634 2524 sublatioribus
655 2482 847 2534 ellipticis
868 2493 1012 2533 grosse
1031 2482 1179 2522 obtuse
1200 2485 1243 2522 et
1262 2481 1505 2533 apiculatim
1533 2479 1911 2521 5-7-crenato-den-

335 2535 451 2584 tatis,
475 2536 594 2576 caule
615 2536 729 2576 tenui
754 2534 955 2583 1-2-floro,
978 2534 1085 2575 foliis
1106 2534 1280 2575 caulinis
1306 2537 1369 2574 1-2
1387 2534 1430 2574 in
1450 2533 1622 2574 lacinias
1643 2536 1710 2573 2-3
1731 2537 1911 2584 anguste

335 2588 512 2629 lineares
543 2589 731 2640 integras
763 2587 903 2636 sectis,
931 2587 1166 2640 pedunculo
1194 2587 1388 2637 elongato
1414 2597 1540 2638 parce
1565 2585 1763 2633 setuloso‚
1793 2597 1911 2637 sepa-

335 2640 385 2681 lis
391 2672 488 2689 ......
524 2641 675 2693 petalis
681 2672 780 2689 ......
820 2640 886 2680 axi
918 2639 1116 2688 setulosa„
1151 2640 1266 2692 spica
1298 2640 1460 2679 minuta
1492 2638 1682 2690 globosa,
1719 2637 1910 2690 carpellis

334 2694 506 2734 minutis
539 2693 695 2745 glabris
729 2693 1058 2745 subcompressis
1093 2692 1292 2733 carinatis
1324 2692 1490 2743 oblique
1519 2691 1911 2742 triangulari—semi-

335 2747 469 2787 ovatis
486 2747 528 2786 in
542 2750 725 2787 rostrum
741 2745 867 2787 breve
883 2750 1102 2786 arcuatum
1118 2745 1409 2787 brevissimum
1425 2744 1677 2785 abeuntibus
1700 2747 1758 2790 91.
1776 2743 1907 2795 Rupr.

336 2798 399 2839 Fl.
423 2798 551 2840 Cauc.
573 2812 615 2851 p.
639 2802 704 2847 27,
725 2798 813 2839 tab.
836 2798 869 2847 I,
893 2798 964 2850 fig.
988 2801 1026 2839 2.

394 2868 489 2903 Hab.
524 2870 560 2903 in
597 2870 812 2913 graminosis
849 2869 1050 2912 subalpinis
1090 2869 1125 2902 in
1160 2867 1368 2902 declivitate
1403 2867 1556 2902 australi
1591 2867 1722 2900 montis
1760 2866 1911 2900 Nuchar

352 2915 544 2950 Abchasiae
564 2918 709 2951 6—7000‘
736 2916 923 2960 (Radde!).
939 2915 1021 2950 Vidi
1042 2916 1077 2949 in
1097 2915 1199 2950 herb.
1221 2915 1266 2949 cl.
1288 2915 1534 2949 Trautvetter.

398 2980 519 3015 Caulis
533 2981 831 3024 8-ll-pollicaris‚
847 2980 935 3015 folia
951 2979 1027 3015 fere
1044 2979 1090 3014 R.
1110 2979 1243 3022 Thoroe,
1259 2979 1391 3013 lamina
1407 2980 1464 3013 6-7
1487 2978 1600 3012 lineas
1621 2978 1728 3021 longa
1749 2978 1833 3011 9-10
1848 2977 1910 3010 lin.
