<?xml version="1.0" encoding="UTF-8"?>
<!DOCTYPE html PUBLIC "-//W3C//DTD XHTML 1.0 Transitional//EN"
    "http://www.w3.org/TR/xhtml1/DTD/xhtml1-transitional.dtd">
<html xmlns="http://www.w3.org/1999/xhtml" xml:lang="en" lang="en">
 <head>
  <title>
</title>
<meta http-equiv="Content-Type" content="text/html;charset=utf-8" />
  <meta name='ocr-system' content='tesseract 3.04.00' />
  <meta name='ocr-capabilities' content='ocr_page ocr_carea ocr_par ocr_line ocrx_word'/>
</head>
<body>
  <div class='ocr_page' id='page_1' title='image "./floraorientaliss00bois/floraorientaliss00bois_0300.png"; bbox 0 0 2094 3351; ppageno 0'>
   <div class='ocr_carea' id='block_1_1' title="bbox 188 230 1862 959">
    <p class='ocr_par' dir='ltr' id='par_1_1' title="bbox 188 230 1862 959">
     <span class='ocr_line' id='line_1_1' title="bbox 188 230 1851 276; baseline -0.004 -4"><span class='ocrx_word' id='word_1_1' title='bbox 188 237 257 272; x_wconf 65' lang='lat'>2:5⁸</span> <span class='ocrx_word' id='word_1_2' title='bbox 897 242 1170 267; x_wconf 69' lang='lat' dir='ltr'>UMRELLIFERAE.</span> <span class='ocrx_word' id='word_1_3' title='bbox 1559 230 1851 276; x_wconf 79' lang='lat' dir='ltr'>Choerophyllmn.</span> 
     </span>
     <span class='ocr_line' id='line_1_2' title="bbox 190 319 259 348; baseline -0.014 -3"><span class='ocrx_word' id='word_1_4' title='bbox 190 319 259 348; x_wconf 58' lang='grc' dir='ltr'>ΡΜ.</span> 
     </span>
     <span class='ocr_line' id='line_1_3' title="bbox 295 364 1855 421; baseline -0.004 -11"><span class='ocrx_word' id='word_1_5' title='bbox 295 368 577 421; x_wconf 75' lang='lat' dir='ltr'>superioribus</span> <span class='ocrx_word' id='word_1_6' title='bbox 605 366 819 407; x_wconf 81' lang='lat' dir='ltr'>diminutis</span> <span class='ocrx_word' id='word_1_7' title='bbox 852 364 1006 418; x_wconf 87' lang='lat' dir='ltr'>petiolo</span> <span class='ocrx_word' id='word_1_8' title='bbox 1037 365 1282 406; x_wconf 88' lang='lat' dir='ltr'>abbreviato</span> <span class='ocrx_word' id='word_1_9' title='bbox 1315 365 1531 417; x_wconf 87' lang='lat' dir='ltr'>vaginanti</span> <span class='ocrx_word' id='word_1_10' title='bbox 1565 364 1855 412; x_wconf 81' lang='lat' dir='ltr'>insidentibus,</span> 
     </span>
     <span class='ocr_line' id='line_1_4' title="bbox 296 416 1860 470; baseline -0.003 -8"><span class='ocrx_word' id='word_1_11' title='bbox 296 421 486 462; x_wconf 83' lang='lat' dir='ltr'>umbellis</span> <span class='ocrx_word' id='word_1_12' title='bbox 507 433 555 461; x_wconf 78' lang='lat' dir='ltr'>ex</span> <span class='ocrx_word' id='word_1_13' title='bbox 581 419 712 459; x_wconf 82' lang='lat' dir='ltr'>axillis</span> <span class='ocrx_word' id='word_1_14' title='bbox 741 418 861 469; x_wconf 87' lang='lat' dir='ltr'>louge</span> <span class='ocrx_word' id='word_1_15' title='bbox 915 417 1176 459; x_wconf 90' lang='lat' dir='ltr'>edunculatis</span> <span class='ocrx_word' id='word_1_16' title='bbox 1204 417 1327 470; x_wconf 89' lang='lat' dir='ltr'>longe</span> <span class='ocrx_word' id='word_1_17' title='bbox 1359 416 1620 458; x_wconf 85' lang='lat' dir='ltr'>3-4-radiatis</span> <span class='ocrx_word' id='word_1_18' title='bbox 1652 417 1860 458; x_wconf 84' lang='lat' dir='ltr'>exinvolu-</span> 
     </span>
     <span class='ocr_line' id='line_1_5' title="bbox 296 469 1860 523; baseline -0.003 -9"><span class='ocrx_word' id='word_1_19' title='bbox 296 475 436 521; x_wconf 81' lang='lat' dir='ltr'>cratis,</span> <span class='ocrx_word' id='word_1_20' title='bbox 459 472 691 513; x_wconf 88' lang='lat' dir='ltr'>involucelli</span> <span class='ocrx_word' id='word_1_21' title='bbox 708 471 857 523; x_wconf 83' lang='lat' dir='ltr'>phyllis</span> <span class='ocrx_word' id='word_1_22' title='bbox 894 470 1286 511; x_wconf 83' lang='lat' dir='ltr'>ineari-lanceolatis</span> <span class='ocrx_word' id='word_1_23' title='bbox 1301 474 1480 522; x_wconf 86' lang='lat' dir='ltr'>anguste</span> <span class='ocrx_word' id='word_1_24' title='bbox 1499 469 1860 521; x_wconf 85' lang='lat' dir='ltr'>albo-marginatis</span> 
     </span>
     <span class='ocr_line' id='line_1_6' title="bbox 296 521 1861 574; baseline -0.003 -7"><span class='ocrx_word' id='word_1_25' title='bbox 296 526 482 567; x_wconf 86' lang='lat' dir='ltr'>obsolete</span> <span class='ocrx_word' id='word_1_26' title='bbox 502 524 695 566; x_wconf 82' lang='lat' dir='ltr'>ciliatulis</span> <span class='ocrx_word' id='word_1_27' title='bbox 716 523 882 564; x_wconf 89' lang='lat' dir='ltr'>demum</span> <span class='ocrx_word' id='word_1_28' title='bbox 902 522 1080 571; x_wconf 84' lang='lat' dir='ltr'>reflexis,</span> <span class='ocrx_word' id='word_1_29' title='bbox 1101 522 1312 574; x_wconf 89' lang='lat' dir='ltr'>pedicellis</span> <span class='ocrx_word' id='word_1_30' title='bbox 1328 525 1395 564; x_wconf 86' lang='grc'>5-8</span> <span class='ocrx_word' id='word_1_31' title='bbox 1414 521 1572 563; x_wconf 86' lang='lat' dir='ltr'>strictis</span> <span class='ocrx_word' id='word_1_32' title='bbox 1593 521 1746 562; x_wconf 84' lang='lat' dir='ltr'>fructui</span> <span class='ocrx_word' id='word_1_33' title='bbox 1765 521 1861 562; x_wconf 91' lang='lat' dir='ltr'>sub-</span> 
     </span>
     <span class='ocr_line' id='line_1_7' title="bbox 296 573 1861 630; baseline -0.003 -11"><span class='ocrx_word' id='word_1_34' title='bbox 296 578 553 630; x_wconf 71' lang='lat' dir='ltr'>aequilongis,</span> <span class='ocrx_word' id='word_1_35' title='bbox 583 576 721 617; x_wconf 83' lang='lat' dir='ltr'>fructu</span> <span class='ocrx_word' id='word_1_36' title='bbox 746 576 932 616; x_wconf 91' lang='lat' dir='ltr'>breviter</span> <span class='ocrx_word' id='word_1_37' title='bbox 960 574 1184 627; x_wconf 89' lang='lat' dir='ltr'>cylindrico</span> <span class='ocrx_word' id='word_1_38' title='bbox 1217 575 1334 627; x_wconf 80' lang='lat' dir='ltr'>apice</span> <span class='ocrx_word' id='word_1_39' title='bbox 1360 578 1596 623; x_wconf 86' lang='lat' dir='ltr'>attenuato,</span> <span class='ocrx_word' id='word_1_40' title='bbox 1617 573 1861 626; x_wconf 90' lang='lat' dir='ltr'>stylopodiis</span> 
     </span>
     <span class='ocr_line' id='line_1_8' title="bbox 296 625 1858 680; baseline -0.004 -8"><span class='ocrx_word' id='word_1_41' title='bbox 296 631 461 678; x_wconf 91' lang='lat' dir='ltr'>conicis,</span> <span class='ocrx_word' id='word_1_42' title='bbox 502 629 770 680; x_wconf 84' lang='lat' dir='ltr'>stigmatibus</span> <span class='ocrx_word' id='word_1_43' title='bbox 807 627 1035 676; x_wconf 89' lang='lat' dir='ltr'>sessilibus,</span> <span class='ocrx_word' id='word_1_44' title='bbox 1070 627 1184 679; x_wconf 87' lang='lat' dir='ltr'>jugis</span> <span class='ocrx_word' id='word_1_45' title='bbox 1222 628 1371 668; x_wconf 85' lang='lat' dir='ltr'>crassis</span> <span class='ocrx_word' id='word_1_46' title='bbox 1408 626 1651 679; x_wconf 89' lang='lat' dir='ltr'>prominulis</span> <span class='ocrx_word' id='word_1_47' title='bbox 1679 630 1742 674; x_wconf 59' lang='lat' dir='ltr'>Q).</span> <span class='ocrx_word' id='word_1_48' title='bbox 1785 625 1858 669; x_wconf 69' lang='lat' dir='ltr'>Cle.</span> 
     </span>
     <span class='ocr_line' id='line_1_9' title="bbox 299 678 1858 735; baseline -0.003 -11"><span class='ocrx_word' id='word_1_49' title='bbox 299 683 502 735; x_wconf 62' lang='lat' dir='ltr'>reflexum</span> <span class='ocrx_word' id='word_1_50' title='bbox 521 681 659 722; x_wconf 89' lang='lat' dir='ltr'>Aitch.</span> <span class='ocrx_word' id='word_1_51' title='bbox 682 680 828 722; x_wconf 88' lang='lat' dir='ltr'>Journ.</span> <span class='ocrx_word' id='word_1_52' title='bbox 850 679 972 721; x_wconf 88' lang='lat' dir='ltr'>Linn.</span> <span class='ocrx_word' id='word_1_53' title='bbox 997 679 1089 721; x_wconf 88' lang='lat' dir='ltr'>Soc.</span> <span class='ocrx_word' id='word_1_54' title='bbox 1112 680 1192 721; x_wconf 91' lang='lat' dir='ltr'>vol.</span> <span class='ocrx_word' id='word_1_55' title='bbox 1214 679 1369 728; x_wconf 91' lang='lat' dir='ltr'>XVIII,</span> <span class='ocrx_word' id='word_1_56' title='bbox 1388 691 1469 721; x_wconf 89' lang='lat' dir='ltr'>non</span> <span class='ocrx_word' id='word_1_57' title='bbox 1488 678 1625 720; x_wconf 91' lang='lat' dir='ltr'>Lindl.</span> <span class='ocrx_word' id='word_1_58' title='bbox 1648 679 1717 731; x_wconf 86' lang='lat' dir='ltr'>(ex</span> <span class='ocrx_word' id='word_1_59' title='bbox 1735 678 1858 731; x_wconf 89' lang='lat' dir='ltr'>ipso).</span> 
     </span>
     <span class='ocr_line' id='line_1_10' title="bbox 356 749 1862 843; baseline -0.003 -56"><span class='ocrx_word' id='word_1_60' title='bbox 356 753 520 843; x_wconf 49' lang='lat' dir='ltr'>Hak.&#39;)in</span> <span class='ocrx_word' id='word_1_61' title='bbox 552 751 707 786; x_wconf 88' lang='lat' dir='ltr'>humidis</span> <span class='ocrx_word' id='word_1_62' title='bbox 742 750 902 786; x_wconf 84' lang='lat' dir='ltr'>herbidis</span> <span class='ocrx_word' id='word_1_63' title='bbox 934 750 980 785; x_wconf 85' lang='lat' dir='ltr'>ad</span> <span class='ocrx_word' id='word_1_64' title='bbox 1011 750 1184 786; x_wconf 85' lang='lat' dir='ltr'>Shendtoi</span> <span class='ocrx_word' id='word_1_65' title='bbox 1217 751 1322 785; x_wconf 83' lang='lat' dir='ltr'>vallis</span> <span class='ocrx_word' id='word_1_66' title='bbox 1355 750 1492 784; x_wconf 89' lang='lat' dir='ltr'>Kuram</span> <span class='ocrx_word' id='word_1_67' title='bbox 1525 749 1729 794; x_wconf 87' lang='lat' dir='ltr'>Affghaniae</span> <span class='ocrx_word' id='word_1_68' title='bbox 1760 751 1862 784; x_wconf 84' lang='lat'>9000&#39;</span> 
     </span>
     <span class='ocr_line' id='line_1_11' title="bbox 313 803 1010 902; baseline -0.004 -9"><span class='ocrx_word' id='word_1_69' title='bbox 313 803 547 902; x_wconf 48' lang='lat' dir='ltr'>‘Agicpedalm</span> <span class='ocrx_word' id='word_1_70' title='bbox 568 858 707 891; x_wconf 86' lang='lat' dir='ltr'>fructus</span> <span class='ocrx_word' id='word_1_71' title='bbox 725 859 746 890; x_wconf 88' lang='lat'>4</span> <span class='ocrx_word' id='word_1_72' title='bbox 766 856 880 891; x_wconf 85' lang='lat' dir='ltr'>lineas</span> <span class='ocrx_word' id='word_1_73' title='bbox 901 856 1010 901; x_wconf 84' lang='lat' dir='ltr'>longi.</span> 
     </span>
     <span class='ocr_line' id='line_1_12' title="bbox 358 913 1660 959; baseline -0.002 -9"><span class='ocrx_word' id='word_1_74' title='bbox 358 917 422 950; x_wconf 85' lang='lat' dir='ltr'>Ar.</span> <span class='ocrx_word' id='word_1_75' title='bbox 445 915 586 958; x_wconf 80' lang='lat' dir='ltr'>Geogr.</span> <span class='ocrx_word' id='word_1_76' title='bbox 609 915 738 950; x_wconf 83' lang='lat' dir='ltr'>Totum</span> <span class='ocrx_word' id='word_1_77' title='bbox 756 915 883 959; x_wconf 87' lang='lat' dir='ltr'>jugum</span> <span class='ocrx_word' id='word_1_78' title='bbox 901 914 1141 949; x_wconf 84' lang='lat' dir='ltr'>Himalaicum</span> <span class='ocrx_word' id='word_1_79' title='bbox 1163 925 1181 949; x_wconf 85' lang='lat' dir='ltr'>a</span> <span class='ocrx_word' id='word_1_80' title='bbox 1205 913 1431 949; x_wconf 67' lang='lat' dir='ltr'>Cachemiriiz</span> <span class='ocrx_word' id='word_1_81' title='bbox 1447 913 1493 948; x_wconf 87' lang='lat' dir='ltr'>ad</span> <span class='ocrx_word' id='word_1_82' title='bbox 1513 913 1660 950; x_wconf 86' lang='lat' dir='ltr'>Sikkim.</span> 
     </span>
    </p>
   </div>
   <div class='ocr_carea' id='block_1_2' title="bbox 194 1028 1864 1136">
    <p class='ocr_par' dir='ltr' id='par_1_2' title="bbox 194 1028 1864 1136">
     <span class='ocr_line' id='line_1_13' title="bbox 194 1028 1864 1096; baseline -0.003 -22"><span class='ocrx_word' id='word_1_83' title='bbox 194 1037 285 1080; x_wconf 86' lang='lat'>904,</span> <span class='ocrx_word' id='word_1_84' title='bbox 320 1034 423 1096; x_wconf 71' lang='grc' dir='ltr'>(311.Α</span> <span class='ocrx_word' id='word_1_85' title='bbox 448 1031 752 1082; x_wconf 84' lang='lat' dir='ltr'>Syriacum,</span> <span class='ocrx_word' id='word_1_86' title='bbox 782 1029 889 1070; x_wconf 88' lang='lat' dir='ltr'>adde</span> <span class='ocrx_word' id='word_1_87' title='bbox 915 1029 968 1070; x_wconf 91' lang='lat' dir='ltr'>ad</span> <span class='ocrx_word' id='word_1_88' title='bbox 997 1029 1213 1082; x_wconf 85' lang='lat' dir='ltr'>diagnosin</span> <span class='ocrx_word' id='word_1_89' title='bbox 1237 1043 1245 1070; x_wconf 73' lang='grc' dir='ltr'>ε</span> <span class='ocrx_word' id='word_1_90' title='bbox 1281 1029 1436 1070; x_wconf 86' lang='lat' dir='ltr'>Radice</span> <span class='ocrx_word' id='word_1_91' title='bbox 1463 1029 1640 1070; x_wconf 65' lang='lat' dir='ltr'>bulbosa</span> <span class='ocrx_word' id='word_1_92' title='bbox 1667 1028 1864 1070; x_wconf 66' lang='lat' dir='ltr'>obconica</span> 
     </span>
     <span class='ocr_line' id='line_1_14' title="bbox 300 1096 442 1136; baseline -0.007 -11"><span class='ocrx_word' id='word_1_93' title='bbox 300 1096 442 1136; x_wconf 82' lang='lat' dir='ltr'>parva.</span> 
     </span>
    </p>
   </div>
   <div class='ocr_carea' id='block_1_3' title="bbox 196 1203 1194 1256">
    <p class='ocr_par' dir='ltr' id='par_1_3' title="bbox 196 1203 1194 1256">
     <span class='ocr_line' id='line_1_15' title="bbox 196 1203 1194 1256; baseline -0.004 -9"><span class='ocrx_word' id='word_1_94' title='bbox 196 1209 287 1251; x_wconf 80' lang='grc'>905,</span> <span class='ocrx_word' id='word_1_95' title='bbox 319 1209 413 1256; x_wconf 88' lang='lat' dir='ltr'>post.</span> <span class='ocrx_word' id='word_1_96' title='bbox 435 1204 525 1244; x_wconf 86' lang='lat' dir='ltr'>Ch.</span> <span class='ocrx_word' id='word_1_97' title='bbox 548 1214 1010 1254; x_wconf 84' lang='lat' dir='ltr'>macrospermum</span> <span class='ocrx_word' id='word_1_98' title='bbox 1031 1203 1166 1243; x_wconf 88' lang='lat' dir='ltr'>insere</span> <span class='ocrx_word' id='word_1_99' title='bbox 1186 1215 1194 1243; x_wconf 91' lang='lat'><strong>:</strong></span> 
     </span>
    </p>
   </div>
   <div class='ocr_carea' id='block_1_4' title="bbox 303 1290 1870 1821">
    <p class='ocr_par' dir='ltr' id='par_1_4' title="bbox 303 1290 1870 1712">
     <span class='ocr_line' id='line_1_16' title="bbox 358 1290 1866 1343; baseline 0.001 -12"><span class='ocrx_word' id='word_1_100' title='bbox 358 1292 449 1331; x_wconf 91' lang='lat' dir='ltr'>Ch.</span> <span class='ocrx_word' id='word_1_101' title='bbox 491 1291 859 1342; x_wconf 76' lang='lat' dir='ltr'>oliqocarpum</span> <span class='ocrx_word' id='word_1_102' title='bbox 898 1290 1024 1340; x_wconf 83' lang='lat' dir='ltr'>(Post</span> <span class='ocrx_word' id='word_1_103' title='bbox 1062 1290 1192 1341; x_wconf 89' lang='lat' dir='ltr'>Mss.)</span> <span class='ocrx_word' id='word_1_104' title='bbox 1231 1290 1348 1331; x_wconf 85' lang='lat' dir='ltr'>caule</span> <span class='ocrx_word' id='word_1_105' title='bbox 1381 1291 1525 1342; x_wconf 79' lang='lat' dir='ltr'>gracili</span> <span class='ocrx_word' id='word_1_106' title='bbox 1558 1291 1681 1331; x_wconf 87' lang='lat' dir='ltr'>tereti</span> <span class='ocrx_word' id='word_1_107' title='bbox 1712 1291 1866 1343; x_wconf 87' lang='lat' dir='ltr'>pluries</span> 
     </span>
     <span class='ocr_line' id='line_1_17' title="bbox 305 1342 1867 1396; baseline 0 -12"><span class='ocrx_word' id='word_1_108' title='bbox 305 1343 539 1385; x_wconf 86' lang='lat' dir='ltr'>dichotomo</span> <span class='ocrx_word' id='word_1_109' title='bbox 562 1344 685 1383; x_wconf 87' lang='lat' dir='ltr'>ramis</span> <span class='ocrx_word' id='word_1_110' title='bbox 707 1343 902 1383; x_wconf 88' lang='lat' dir='ltr'>tenuibus</span> <span class='ocrx_word' id='word_1_111' title='bbox 922 1343 1126 1393; x_wconf 83' lang='lat' dir='ltr'>rigidulis,</span> <span class='ocrx_word' id='word_1_112' title='bbox 1150 1342 1256 1384; x_wconf 88' lang='lat' dir='ltr'>foliis</span> <span class='ocrx_word' id='word_1_113' title='bbox 1283 1343 1535 1384; x_wconf 89' lang='lat' dir='ltr'>radicalibus</span> <span class='ocrx_word' id='word_1_114' title='bbox 1562 1343 1715 1395; x_wconf 90' lang='lat' dir='ltr'>petiolo</span> <span class='ocrx_word' id='word_1_115' title='bbox 1743 1344 1867 1396; x_wconf 88' lang='lat' dir='ltr'>plano</span> 
     </span>
     <span class='ocr_line' id='line_1_18' title="bbox 306 1395 1864 1448; baseline 0 -11"><span class='ocrx_word' id='word_1_116' title='bbox 306 1397 479 1437; x_wconf 81' lang='lat' dir='ltr'>dilatato</span> <span class='ocrx_word' id='word_1_117' title='bbox 500 1396 818 1436; x_wconf 83' lang='lat' dir='ltr'>membranaceo</span> <span class='ocrx_word' id='word_1_118' title='bbox 839 1395 1019 1436; x_wconf 84' lang='lat' dir='ltr'>suffultis</span> <span class='ocrx_word' id='word_1_119' title='bbox 1038 1396 1076 1436; x_wconf 93' lang='lat' dir='ltr'>in</span> <span class='ocrx_word' id='word_1_120' title='bbox 1100 1395 1270 1436; x_wconf 85' lang='lat' dir='ltr'>lacinias</span> <span class='ocrx_word' id='word_1_121' title='bbox 1285 1408 1440 1448; x_wconf 83' lang='lat' dir='ltr'>paucas</span> <span class='ocrx_word' id='word_1_122' title='bbox 1455 1395 1666 1437; x_wconf 83' lang='lat' dir='ltr'>filifornies</span> <span class='ocrx_word' id='word_1_123' title='bbox 1683 1397 1864 1448; x_wconf 82' lang='lat' dir='ltr'>partitis,</span> 
     </span>
     <span class='ocr_line' id='line_1_19' title="bbox 305 1448 1868 1497; baseline 0.001 -8"><span class='ocrx_word' id='word_1_124' title='bbox 305 1449 477 1490; x_wconf 81' lang='lat' dir='ltr'>caulinis</span> <span class='ocrx_word' id='word_1_125' title='bbox 499 1448 551 1488; x_wconf 88' lang='lat' dir='ltr'>ad</span> <span class='ocrx_word' id='word_1_126' title='bbox 572 1448 794 1488; x_wconf 84' lang='lat' dir='ltr'>lacinulam</span> <span class='ocrx_word' id='word_1_127' title='bbox 827 1448 1200 1489; x_wconf 79' lang='lat' dir='ltr'>lineari-setaceam</span> <span class='ocrx_word' id='word_1_128' title='bbox 1227 1449 1412 1489; x_wconf 89' lang='lat' dir='ltr'>sessilem</span> <span class='ocrx_word' id='word_1_129' title='bbox 1444 1448 1642 1497; x_wconf 70' lang='lat' dir='ltr'>reductis,</span> <span class='ocrx_word' id='word_1_130' title='bbox 1677 1449 1868 1490; x_wconf 88' lang='lat' dir='ltr'>umbellis</span> 
     </span>
     <span class='ocr_line' id='line_1_20' title="bbox 305 1500 1869 1550; baseline 0 -8"><span class='ocrx_word' id='word_1_131' title='bbox 305 1513 423 1542; x_wconf 84' lang='lat' dir='ltr'>secus</span> <span class='ocrx_word' id='word_1_132' title='bbox 441 1500 622 1540; x_wconf 84' lang='lat' dir='ltr'>ramulos</span> <span class='ocrx_word' id='word_1_133' title='bbox 640 1506 785 1540; x_wconf 84' lang='lat' dir='ltr'>tenues</span> <span class='ocrx_word' id='word_1_134' title='bbox 806 1500 1098 1541; x_wconf 88' lang='lat' dir='ltr'>subsessilibus</span> <span class='ocrx_word' id='word_1_135' title='bbox 1111 1501 1354 1542; x_wconf 87' lang='lat' dir='ltr'>brevissime</span> <span class='ocrx_word' id='word_1_136' title='bbox 1375 1501 1649 1550; x_wconf 83' lang='lat' dir='ltr'>3-4-radiatis,</span> <span class='ocrx_word' id='word_1_137' title='bbox 1669 1502 1869 1543; x_wconf 89' lang='lat' dir='ltr'>involucri</span> 
     </span>
     <span class='ocr_line' id='line_1_21' title="bbox 303 1552 1865 1605; baseline 0 -10"><span class='ocrx_word' id='word_1_138' title='bbox 303 1554 619 1604; x_wconf 85' lang='lat' dir='ltr'>involucellique</span> <span class='ocrx_word' id='word_1_139' title='bbox 651 1552 800 1605; x_wconf 76' lang='lat' dir='ltr'>phyllis</span> <span class='ocrx_word' id='word_1_140' title='bbox 827 1553 1156 1594; x_wconf 86' lang='lat' dir='ltr'>membranaceis</span> <span class='ocrx_word' id='word_1_141' title='bbox 1175 1554 1371 1602; x_wconf 84' lang='lat' dir='ltr'>minimis,</span> <span class='ocrx_word' id='word_1_142' title='bbox 1394 1554 1630 1595; x_wconf 89' lang='lat' dir='ltr'>umbellulis</span> <span class='ocrx_word' id='word_1_143' title='bbox 1652 1554 1865 1603; x_wconf 79' lang='lat' dir='ltr'>5-6-floris,</span> 
     </span>
     <span class='ocr_line' id='line_1_22' title="bbox 305 1605 1870 1659; baseline 0 -11"><span class='ocrx_word' id='word_1_144' title='bbox 305 1607 406 1648; x_wconf 87' lang='lat' dir='ltr'>flore</span> <span class='ocrx_word' id='word_1_145' title='bbox 436 1606 611 1646; x_wconf 85' lang='lat' dir='ltr'>centrali</span> <span class='ocrx_word' id='word_1_146' title='bbox 631 1606 752 1645; x_wconf 91' lang='lat' dir='ltr'>unico</span> <span class='ocrx_word' id='word_1_147' title='bbox 773 1605 913 1654; x_wconf 83' lang='lat' dir='ltr'>fertili,</span> <span class='ocrx_word' id='word_1_148' title='bbox 946 1605 1084 1646; x_wconf 88' lang='lat' dir='ltr'>fructu</span> <span class='ocrx_word' id='word_1_149' title='bbox 1116 1606 1507 1659; x_wconf 81' lang='lat' dir='ltr'>lineari-cylindrico</span> <span class='ocrx_word' id='word_1_150' title='bbox 1532 1607 1621 1648; x_wconf 80' lang='lat' dir='ltr'>basi</span> <span class='ocrx_word' id='word_1_151' title='bbox 1648 1611 1870 1648; x_wconf 83' lang='lat' dir='ltr'>attenuato</span> 
     </span>
     <span class='ocr_line' id='line_1_23' title="bbox 305 1657 1866 1712; baseline -0.001 -11"><span class='ocrx_word' id='word_1_152' title='bbox 305 1660 424 1712; x_wconf 83' lang='lat' dir='ltr'>stylis</span> <span class='ocrx_word' id='word_1_153' title='bbox 446 1658 614 1699; x_wconf 81' lang='lat' dir='ltr'>deflexis</span> <span class='ocrx_word' id='word_1_154' title='bbox 636 1657 747 1698; x_wconf 85' lang='lat' dir='ltr'>disco</span> <span class='ocrx_word' id='word_1_155' title='bbox 768 1662 945 1709; x_wconf 84' lang='lat' dir='ltr'>angusto</span> <span class='ocrx_word' id='word_1_156' title='bbox 968 1659 1220 1709; x_wconf 78' lang='lat' dir='ltr'>longioribus</span> <span class='ocrx_word' id='word_1_157' title='bbox 1241 1663 1454 1712; x_wconf 88' lang='lat' dir='ltr'>superato,</span> <span class='ocrx_word' id='word_1_158' title='bbox 1471 1659 1584 1711; x_wconf 88' lang='lat' dir='ltr'>jugis</span> <span class='ocrx_word' id='word_1_159' title='bbox 1611 1660 1782 1701; x_wconf 90' lang='lat' dir='ltr'>elevatis</span> <span class='ocrx_word' id='word_1_160' title='bbox 1809 1664 1866 1707; x_wconf 62' lang='lat'>91.</span> 
     </span>
    </p>

    <p class='ocr_par' dir='ltr' id='par_1_5' title="bbox 318 1729 1868 1821">
     <span class='ocr_line' id='line_1_24' title="bbox 363 1729 1868 1774; baseline 0.001 -11"><span class='ocrx_word' id='word_1_161' title='bbox 363 1729 456 1763; x_wconf 86' lang='lat' dir='ltr'>Hab.</span> <span class='ocrx_word' id='word_1_162' title='bbox 483 1729 518 1762; x_wconf 90' lang='lat' dir='ltr'>in</span> <span class='ocrx_word' id='word_1_163' title='bbox 550 1729 680 1772; x_wconf 85' lang='lat' dir='ltr'>pinetis</span> <span class='ocrx_word' id='word_1_164' title='bbox 708 1738 830 1762; x_wconf 88' lang='lat' dir='ltr'>versus</span> <span class='ocrx_word' id='word_1_165' title='bbox 857 1738 1027 1762; x_wconf 82' lang='lat' dir='ltr'>cacumen</span> <span class='ocrx_word' id='word_1_166' title='bbox 1056 1730 1187 1763; x_wconf 86' lang='lat' dir='ltr'>montis</span> <span class='ocrx_word' id='word_1_167' title='bbox 1220 1729 1463 1774; x_wconf 87' lang='lat' dir='ltr'>Kaipokdagh</span> <span class='ocrx_word' id='word_1_168' title='bbox 1488 1730 1618 1764; x_wconf 85' lang='lat' dir='ltr'>Amani</span> <span class='ocrx_word' id='word_1_169' title='bbox 1647 1731 1758 1774; x_wconf 74' lang='lat' dir='ltr'>Syriae</span> <span class='ocrx_word' id='word_1_170' title='bbox 1789 1730 1868 1764; x_wconf 89' lang='lat' dir='ltr'>bor.</span> 
     </span>
     <span class='ocr_line' id='line_1_25' title="bbox 318 1777 527 1821; baseline -0.01 -10"><span class='ocrx_word' id='word_1_171' title='bbox 318 1777 379 1821; x_wconf 79' lang='lat' dir='ltr'>(Dr</span> <span class='ocrx_word' id='word_1_172' title='bbox 397 1777 527 1816; x_wconf 77' lang='lat' dir='ltr'>Post!).</span> 
     </span>
    </p>
   </div>
   <div class='ocr_carea' id='block_1_5' title="bbox 317 1833 1869 1925">
    <p class='ocr_par' dir='ltr' id='par_1_6' title="bbox 317 1833 1869 1925">
     <span class='ocr_line' id='line_1_26' title="bbox 364 1833 1869 1880; baseline 0 -11"><span class='ocrx_word' id='word_1_173' title='bbox 364 1834 635 1878; x_wconf 57' lang='lat' dir='ltr'>sesquipedam,</span> <span class='ocrx_word' id='word_1_174' title='bbox 654 1833 776 1868; x_wconf 86' lang='lat' dir='ltr'>caules</span> <span class='ocrx_word' id='word_1_175' title='bbox 794 1839 828 1868; x_wconf 87' lang='lat' dir='ltr'>et</span> <span class='ocrx_word' id='word_1_176' title='bbox 848 1844 937 1867; x_wconf 81' lang='lat' dir='ltr'>rami</span> <span class='ocrx_word' id='word_1_177' title='bbox 954 1833 1077 1876; x_wconf 83' lang='lat' dir='ltr'>juncei</span> <span class='ocrx_word' id='word_1_178' title='bbox 1097 1840 1233 1877; x_wconf 79' lang='lat' dir='ltr'>praeter</span> <span class='ocrx_word' id='word_1_179' title='bbox 1255 1835 1431 1869; x_wconf 83' lang='lat' dir='ltr'>lacinnlas</span> <span class='ocrx_word' id='word_1_180' title='bbox 1451 1835 1497 1869; x_wconf 87' lang='lat' dir='ltr'>ad</span> <span class='ocrx_word' id='word_1_181' title='bbox 1515 1835 1750 1869; x_wconf 84' lang='lat' dir='ltr'>dichotomias</span> <span class='ocrx_word' id='word_1_182' title='bbox 1773 1835 1869 1880; x_wconf 86' lang='lat' dir='ltr'>nudi,</span> 
     </span>
     <span class='ocr_line' id='line_1_27' title="bbox 317 1880 1868 1925; baseline 0.001 -9"><span class='ocrx_word' id='word_1_183' title='bbox 317 1883 484 1917; x_wconf 77' lang='lat' dir='ltr'>umbellae</span> <span class='ocrx_word' id='word_1_184' title='bbox 526 1892 628 1916; x_wconf 87' lang='lat' dir='ltr'>secus</span> <span class='ocrx_word' id='word_1_185' title='bbox 666 1891 784 1915; x_wconf 87' lang='lat' dir='ltr'>ramos</span> <span class='ocrx_word' id='word_1_186' title='bbox 821 1880 1029 1915; x_wconf 84' lang='lat' dir='ltr'>brevissime</span> <span class='ocrx_word' id='word_1_187' title='bbox 1067 1881 1320 1924; x_wconf 82' lang='lat' dir='ltr'>pedunculatae</span> <span class='ocrx_word' id='word_1_188' title='bbox 1358 1888 1504 1916; x_wconf 81' lang='lat' dir='ltr'>remotae</span> <span class='ocrx_word' id='word_1_189' title='bbox 1542 1882 1626 1916; x_wconf 84' lang='lat' dir='ltr'>laxe</span> <span class='ocrx_word' id='word_1_190' title='bbox 1665 1893 1868 1925; x_wconf 81' lang='lat' dir='ltr'>racemosae‚</span> 
     </span>
    </p>
   </div>
   <div class='ocr_carea' id='block_1_6' title="bbox 318 1927 1870 2021">
    <p class='ocr_par' dir='ltr' id='par_1_7' title="bbox 318 1927 1870 2021">
     <span class='ocr_line' id='line_1_28' title="bbox 318 1927 1870 2010; baseline 0 -46"><span class='ocrx_word' id='word_1_191' title='bbox 318 1929 493 2010; x_wconf 39' lang='lat' dir='ltr'>radiilvix·</span> <span class='ocrx_word' id='word_1_192' title='bbox 516 1932 535 1963; x_wconf 83' lang='lat'>2</span> <span class='ocrx_word' id='word_1_193' title='bbox 563 1929 677 1963; x_wconf 87' lang='lat' dir='ltr'>lineas</span> <span class='ocrx_word' id='word_1_194' title='bbox 704 1928 813 1971; x_wconf 88' lang='lat' dir='ltr'>longi,</span> <span class='ocrx_word' id='word_1_195' title='bbox 843 1927 983 1962; x_wconf 84' lang='lat' dir='ltr'>fructus</span> <span class='ocrx_word' id='word_1_196' title='bbox 1015 1930 1116 1962; x_wconf 87' lang='grc'>10-11</span> <span class='ocrx_word' id='word_1_197' title='bbox 1149 1929 1262 1963; x_wconf 86' lang='lat' dir='ltr'>lineas</span> <span class='ocrx_word' id='word_1_198' title='bbox 1293 1929 1402 1973; x_wconf 85' lang='lat' dir='ltr'>longi.</span> <span class='ocrx_word' id='word_1_199' title='bbox 1432 1930 1576 1973; x_wconf 85' lang='lat' dir='ltr'>Species</span> <span class='ocrx_word' id='word_1_200' title='bbox 1606 1928 1870 1965; x_wconf 65' lang='lat' dir='ltr'>inflorescentiz&#39;z</span> 
     </span>
     <span class='ocr_line' id='line_1_29' title="bbox 320 1987 526 2021; baseline -0.005 -10"><span class='ocrx_word' id='word_1_201' title='bbox 320 1987 411 2021; x_wconf 87' lang='lat' dir='ltr'>pecu</span> <span class='ocrx_word' id='word_1_202' title='bbox 431 1987 526 2011; x_wconf 83' lang='lat' dir='ltr'>iar-s.</span> 
     </span>
    </p>
   </div>
   <div class='ocr_carea' id='block_1_7' title="bbox 200 2090 973 2142">
    <p class='ocr_par' dir='ltr' id='par_1_8' title="bbox 200 2090 973 2142">
     <span class='ocr_line' id='line_1_30' title="bbox 200 2090 973 2142; baseline -0.005 -8"><span class='ocrx_word' id='word_1_203' title='bbox 200 2096 291 2142; x_wconf 76' lang='lat'>908,</span> <span class='ocrx_word' id='word_1_204' title='bbox 326 2094 414 2133; x_wconf 89' lang='lat' dir='ltr'>Ch.</span> <span class='ocrx_word' id='word_1_205' title='bbox 438 2091 814 2142; x_wconf 71' lang='lat' dir='ltr'>Byzantinum,</span> <span class='ocrx_word' id='word_1_206' title='bbox 837 2090 973 2131; x_wconf 88' lang='lat' dir='ltr'>adde:</span> 
     </span>
    </p>
   </div>
   <div class='ocr_carea' id='block_1_8' title="bbox 307 2178 1872 2390">
    <p class='ocr_par' dir='ltr' id='par_1_9' title="bbox 307 2178 1872 2390">
     <span class='ocr_line' id='line_1_31' title="bbox 361 2178 1872 2232; baseline 0 -11"><span class='ocrx_word' id='word_1_207' title='bbox 361 2183 396 2221; x_wconf 68' lang='grc'>0.</span> <span class='ocrx_word' id='word_1_208' title='bbox 420 2178 712 2232; x_wconf 63' lang='lat' dir='ltr'>Biledjc&#39;lcense</span> <span class='ocrx_word' id='word_1_209' title='bbox 732 2178 924 2230; x_wconf 88' lang='lat' dir='ltr'>(Dingler</span> <span class='ocrx_word' id='word_1_210' title='bbox 943 2179 984 2219; x_wconf 94' lang='lat' dir='ltr'>in</span> <span class='ocrx_word' id='word_1_211' title='bbox 1005 2178 1129 2218; x_wconf 69' lang='lat' dir='ltr'>Flora</span> <span class='ocrx_word' id='word_1_212' title='bbox 1146 2181 1260 2227; x_wconf 73' lang='lat'>1883,</span> <span class='ocrx_word' id='word_1_213' title='bbox 1278 2191 1319 2230; x_wconf 94' lang='lat' dir='ltr'>p.</span> <span class='ocrx_word' id='word_1_214' title='bbox 1337 2180 1447 2230; x_wconf 88' lang='lat'>209).</span> <span class='ocrx_word' id='word_1_215' title='bbox 1464 2202 1514 2207; x_wconf 91' lang='lat'><em>-</em></span> <span class='ocrx_word' id='word_1_216' title='bbox 1529 2179 1695 2220; x_wconf 86' lang='lat' dir='ltr'>Inferne</span> <span class='ocrx_word' id='word_1_217' title='bbox 1709 2179 1763 2220; x_wconf 89' lang='lat' dir='ltr'>ad</span> <span class='ocrx_word' id='word_1_218' title='bbox 1777 2191 1872 2221; x_wconf 87' lang='lat' dir='ltr'>cau-</span> 
     </span>
     <span class='ocr_line' id='line_1_32' title="bbox 307 2230 1872 2284; baseline 0 -11"><span class='ocrx_word' id='word_1_219' title='bbox 307 2230 366 2274; x_wconf 86' lang='lat' dir='ltr'>les&#39;</span> <span class='ocrx_word' id='word_1_220' title='bbox 386 2237 428 2273; x_wconf 86' lang='lat' dir='ltr'>et</span> <span class='ocrx_word' id='word_1_221' title='bbox 453 2232 628 2284; x_wconf 85' lang='lat' dir='ltr'>petiolos</span> <span class='ocrx_word' id='word_1_222' title='bbox 654 2231 882 2279; x_wconf 87' lang='lat' dir='ltr'>hirtellum,</span> <span class='ocrx_word' id='word_1_223' title='bbox 911 2230 1008 2272; x_wconf 85' lang='lat' dir='ltr'>folia</span> <span class='ocrx_word' id='word_1_224' title='bbox 1037 2232 1095 2272; x_wconf 89' lang='lat' dir='ltr'>eis</span> <span class='ocrx_word' id='word_1_225' title='bbox 1127 2230 1269 2272; x_wconf 79' lang='lat' dir='ltr'>formae</span> <span class='ocrx_word' id='word_1_226' title='bbox 1299 2232 1446 2284; x_wconf 76' lang='lat' dir='ltr'>typicae</span> <span class='ocrx_word' id='word_1_227' title='bbox 1467 2232 1601 2273; x_wconf 88' lang='lat' dir='ltr'>minus</span> <span class='ocrx_word' id='word_1_228' title='bbox 1623 2231 1742 2273; x_wconf 86' lang='lat' dir='ltr'>firma</span> <span class='ocrx_word' id='word_1_229' title='bbox 1762 2238 1804 2273; x_wconf 90' lang='lat' dir='ltr'>et</span> <span class='ocrx_word' id='word_1_230' title='bbox 1824 2245 1872 2274; x_wconf 90' lang='lat' dir='ltr'>ea</span> 
     </span>
     <span class='ocr_line' id='line_1_33' title="bbox 310 2283 1872 2338; baseline -0.001 -11"><span class='ocrx_word' id='word_1_231' title='bbox 310 2285 382 2327; x_wconf 70' lang='lat' dir='ltr'>Cle.</span> <span class='ocrx_word' id='word_1_232' title='bbox 406 2284 626 2326; x_wconf 65' lang='lat' dir='ltr'>aromatis-i</span> <span class='ocrx_word' id='word_1_233' title='bbox 652 2285 789 2336; x_wconf 89' lang='lat' dir='ltr'>potius</span> <span class='ocrx_word' id='word_1_234' title='bbox 818 2283 1059 2332; x_wconf 82' lang='lat' dir='ltr'>referentia,</span> <span class='ocrx_word' id='word_1_235' title='bbox 1090 2284 1163 2325; x_wconf 88' lang='lat' dir='ltr'>sed</span> <span class='ocrx_word' id='word_1_236' title='bbox 1192 2284 1390 2325; x_wconf 86' lang='lat' dir='ltr'>involucri</span> <span class='ocrx_word' id='word_1_237' title='bbox 1416 2285 1641 2336; x_wconf 64' lang='lat' dir='ltr'>praesentia</span> <span class='ocrx_word' id='word_1_238' title='bbox 1673 2290 1716 2326; x_wconf 92' lang='lat' dir='ltr'>et</span> <span class='ocrx_word' id='word_1_239' title='bbox 1747 2285 1872 2338; x_wconf 82' lang='lat' dir='ltr'>stylo-</span> 
     </span>
     <span class='ocr_line' id='line_1_34' title="bbox 307 2337 1010 2390; baseline -0.001 -11"><span class='ocrx_word' id='word_1_240' title='bbox 307 2338 429 2390; x_wconf 91' lang='lat' dir='ltr'>podio</span> <span class='ocrx_word' id='word_1_241' title='bbox 451 2338 591 2379; x_wconf 91' lang='lat' dir='ltr'>conico</span> <span class='ocrx_word' id='word_1_242' title='bbox 613 2337 664 2378; x_wconf 87' lang='lat' dir='ltr'>ab</span> <span class='ocrx_word' id='word_1_243' title='bbox 687 2349 733 2378; x_wconf 87' lang='lat' dir='ltr'>eo</span> <span class='ocrx_word' id='word_1_244' title='bbox 753 2337 1010 2378; x_wconf 88' lang='lat' dir='ltr'>distinctum.</span> 
     </span>
    </p>
   </div>
   <div class='ocr_carea' id='block_1_9' title="bbox 322 2408 1873 2500">
    <p class='ocr_par' dir='ltr' id='par_1_10' title="bbox 322 2408 1873 2500">
     <span class='ocr_line' id='line_1_35' title="bbox 367 2408 1873 2454; baseline 0.001 -11"><span class='ocrx_word' id='word_1_245' title='bbox 367 2409 459 2443; x_wconf 82' lang='lat' dir='ltr'>Hab.</span> <span class='ocrx_word' id='word_1_246' title='bbox 481 2410 516 2442; x_wconf 87' lang='lat' dir='ltr'>in</span> <span class='ocrx_word' id='word_1_247' title='bbox 537 2409 761 2443; x_wconf 83' lang='lat' dir='ltr'>convallibus</span> <span class='ocrx_word' id='word_1_248' title='bbox 782 2409 957 2444; x_wconf 88' lang='lat' dir='ltr'>umbrosis</span> <span class='ocrx_word' id='word_1_249' title='bbox 979 2419 1092 2453; x_wconf 86' lang='lat' dir='ltr'>prope</span> <span class='ocrx_word' id='word_1_250' title='bbox 1119 2408 1290 2453; x_wconf 86' lang='lat' dir='ltr'>oppidum</span> <span class='ocrx_word' id='word_1_251' title='bbox 1317 2408 1475 2452; x_wconf 84' lang='lat' dir='ltr'>Biledjik</span> <span class='ocrx_word' id='word_1_252' title='bbox 1499 2409 1677 2454; x_wconf 80' lang='lat' dir='ltr'>Bithyniae</span> <span class='ocrx_word' id='word_1_253' title='bbox 1704 2409 1873 2453; x_wconf 85' lang='lat' dir='ltr'>frequens</span> 
     </span>
     <span class='ocr_line' id='line_1_36' title="bbox 322 2456 740 2500; baseline -0.005 -9"><span class='ocrx_word' id='word_1_254' title='bbox 322 2456 502 2500; x_wconf 79' lang='lat' dir='ltr'>(Dingler)</span> <span class='ocrx_word' id='word_1_255' title='bbox 526 2456 620 2499; x_wconf 84' lang='lat' dir='ltr'>(Non</span> <span class='ocrx_word' id='word_1_256' title='bbox 642 2456 740 2499; x_wconf 84' lang='lat' dir='ltr'>vidi).</span> 
     </span>
    </p>
   </div>
   <div class='ocr_carea' id='block_1_10' title="bbox 203 2570 954 2619">
    <p class='ocr_par' dir='ltr' id='par_1_11' title="bbox 203 2570 954 2619">
     <span class='ocr_line' id='line_1_37' title="bbox 203 2570 954 2619; baseline -0.004 -5"><span class='ocrx_word' id='word_1_257' title='bbox 203 2575 294 2619; x_wconf 86' lang='lat'>909,</span> <span class='ocrx_word' id='word_1_258' title='bbox 330 2572 421 2611; x_wconf 86' lang='lat' dir='ltr'>Ch.</span> <span class='ocrx_word' id='word_1_259' title='bbox 446 2571 793 2619; x_wconf 84' lang='lat' dir='ltr'>Heldreichii,</span> <span class='ocrx_word' id='word_1_260' title='bbox 816 2570 923 2611; x_wconf 87' lang='lat' dir='ltr'>adde</span> <span class='ocrx_word' id='word_1_261' title='bbox 946 2584 954 2611; x_wconf 91' lang='lat'>:</span> 
     </span>
    </p>
   </div>
   <div class='ocr_carea' id='block_1_11' title="bbox 203 2658 1802 2824">
    <p class='ocr_par' dir='ltr' id='par_1_12' title="bbox 203 2658 1802 2824">
     <span class='ocr_line' id='line_1_38' title="bbox 368 2658 1802 2702; baseline 0 -9"><span class='ocrx_word' id='word_1_262' title='bbox 368 2658 462 2693; x_wconf 85' lang='lat' dir='ltr'>Ilab.</span> <span class='ocrx_word' id='word_1_263' title='bbox 481 2659 515 2692; x_wconf 93' lang='lat' dir='ltr'>in</span> <span class='ocrx_word' id='word_1_264' title='bbox 536 2659 682 2702; x_wconf 81' lang='lat' dir='ltr'>regione</span> <span class='ocrx_word' id='word_1_265' title='bbox 703 2658 862 2693; x_wconf 76' lang='lat' dir='ltr'>abietina</span> <span class='ocrx_word' id='word_1_266' title='bbox 882 2659 1013 2693; x_wconf 84' lang='lat' dir='ltr'>montis</span> <span class='ocrx_word' id='word_1_267' title='bbox 1035 2658 1128 2692; x_wconf 78' lang='lat' dir='ltr'>OEtae</span> <span class='ocrx_word' id='word_1_268' title='bbox 1149 2658 1366 2692; x_wconf 82' lang='lat' dir='ltr'>Phthiotidis</span> <span class='ocrx_word' id='word_1_269' title='bbox 1387 2661 1595 2693; x_wconf 78' lang='lat'>4500-6000&#39;</span> <span class='ocrx_word' id='word_1_270' title='bbox 1618 2659 1802 2699; x_wconf 76' lang='lat' dir='ltr'>(Heldr.!).</span> 
     </span>
     <span class='ocr_line' id='line_1_39' title="bbox 203 2772 1390 2824; baseline -0.001 -10"><span class='ocrx_word' id='word_1_271' title='bbox 203 2776 295 2821; x_wconf 89' lang='lat'>909,</span> <span class='ocrx_word' id='word_1_272' title='bbox 328 2772 380 2812; x_wconf 75' lang='lat' dir='ltr'>ad</span> <span class='ocrx_word' id='word_1_273' title='bbox 402 2773 555 2813; x_wconf 66' lang='lat' dir='ltr'>calcem</span> <span class='ocrx_word' id='word_1_274' title='bbox 579 2773 741 2823; x_wconf 77' lang='lat' dir='ltr'>generis</span> <span class='ocrx_word' id='word_1_275' title='bbox 765 2773 1203 2824; x_wconf 86' lang='lat' dir='ltr'>Chaerophyllum</span> <span class='ocrx_word' id='word_1_276' title='bbox 1226 2773 1361 2813; x_wconf 81' lang='lat' dir='ltr'>insere</span> <span class='ocrx_word' id='word_1_277' title='bbox 1383 2786 1390 2813; x_wconf 92' lang='lat'><strong>:</strong></span> 
     </span>
    </p>
   </div>
   <div class='ocr_carea' id='block_1_12' title="bbox 779 2895 1302 2948">
    <p class='ocr_par' dir='ltr' id='par_1_13' title="bbox 779 2895 1302 2948">
     <span class='ocr_line' id='line_1_40' title="bbox 779 2895 1302 2948; baseline 0.004 -14"><span class='ocrx_word' id='word_1_278' title='bbox 779 2895 942 2948; x_wconf 69' lang='lat' dir='ltr'>Species</span> <span class='ocrx_word' id='word_1_279' title='bbox 964 2909 1043 2936; x_wconf 76' lang='lat' dir='ltr'>non</span> <span class='ocrx_word' id='word_1_280' title='bbox 1065 2895 1170 2936; x_wconf 73' lang='lat' dir='ltr'>satis</span> <span class='ocrx_word' id='word_1_281' title='bbox 1192 2897 1302 2936; x_wconf 73' lang='lat' dir='ltr'>nota.</span> 
     </span>
    </p>
   </div>
   <div class='ocr_carea' id='block_1_13' title="bbox 366 2981 1875 3034">
    <p class='ocr_par' dir='ltr' id='par_1_14' title="bbox 366 2981 1875 3034">
     <span class='ocr_line' id='line_1_41' title="bbox 366 2981 1875 3034; baseline 0.001 -13"><span class='ocrx_word' id='word_1_282' title='bbox 366 2982 454 3021; x_wconf 88' lang='lat' dir='ltr'>Ch.</span> <span class='ocrx_word' id='word_1_283' title='bbox 485 2981 850 3031; x_wconf 84' lang='lat' dir='ltr'>orthostylum</span> <span class='ocrx_word' id='word_1_284' title='bbox 871 2981 1063 3032; x_wconf 82' lang='lat' dir='ltr'>(Ti-autv.</span> <span class='ocrx_word' id='word_1_285' title='bbox 1092 2982 1200 3034; x_wconf 87' lang='lat' dir='ltr'>Aliq.</span> <span class='ocrx_word' id='word_1_286' title='bbox 1234 2981 1400 3034; x_wconf 80' lang='lat' dir='ltr'>Species</span> <span class='ocrx_word' id='word_1_287' title='bbox 1431 2982 1533 3023; x_wconf 88' lang='lat' dir='ltr'>Nov.</span> <span class='ocrx_word' id='word_1_288' title='bbox 1570 2995 1611 3034; x_wconf 92' lang='lat' dir='ltr'>p.</span> <span class='ocrx_word' id='word_1_289' title='bbox 1640 2982 1682 3033; x_wconf 81' lang='lat'>7)</span> <span class='ocrx_word' id='word_1_290' title='bbox 1709 2982 1875 3030; x_wconf 86' lang='lat' dir='ltr'>bienne,</span> 
     </span>
    </p>
   </div>
  </div>
 </body>
</html>
