2094 3351
223 221 291 257 362
963 235 1140 259 nemra-2.
1662 225 1896 263 Calamintha.

220 304 261 331 Pa
284 324 292 331 .

223 313 313 406 5882,
348 359 688 399 Calamintha
709 360 922 408 Acinos,
946 359 1054 401 adde
1078 373 1085 400 :

386 447 478 481 Hab.
499 447 546 482 ad
566 448 688 492 Hatap
715 449 811 483 Dere
839 460 893 492 pr.
924 448 1096 483 Omarkoi
1122 455 1158 483 et
1186 460 1240 493 pr.
1267 449 1452 493 Thymbra
1480 449 1632 484 Troadis
1659 449 1820 492 (Calvert
1850 461 1895 485 ex

339 494 511 528 Aschers.
539 495 650 530 Beitr.
680 507 710 530 z.
738 496 792 530 Fl.
819 495 1025 530 nordwestl.
1055 496 1217 530 Kleinas.
1243 497 1277 530 in
1304 496 1434 531 Jahrb.
1455 497 1535 531 Bot.
1565 496 1665 532 Gart.
1697 497 1821 532 Berlin
1848 497 1895 541 11,

339 541 420 584 360)
442 542 639 585 specimina
662 553 683 576 a
703 548 789 587 typo
810 543 1056 586 discrepantia
1086 549 1121 577 et
1147 543 1286 586 habitu,
1314 544 1513 588 pilositate‚
1539 544 1751 579 nervatione
1776 554 1894 588 camp-

337 588 503 623 todroma
529 590 565 624 C.
584 590 844 632 ,qraveolentem
861 591 954 624 M.B.
975 590 1183 625 referentia.

217 738 308 783 596,
344 737 527 777 Salvia
549 738 836 786 rosaefolia,
859 737 968 779 adde
992 750 1000 778 :
1025 736 1160 779 Smith
1182 737 1239 778 Ic.
1263 737 1446 786 ineditae,
1470 742 1501 778 t.
1525 742 1563 779 5.

216 877 308 923 624,
345 875 397 915 S.
425 876 727 916 Sahendica

215 1011 306 1057 663,
340 1010 549 1061 Nepeta
569 1010 716 1050 nuda
738 1022 748 1051 :
771 1022 821 1051 ex
841 1011 892 1051 cl.
917 1010 1080 1051 Kerner
1100 1010 1225 1062 (OEst.
1248 1009 1343 1051 Βοὴ.
1366 1010 1472 1051 Zeit.
1495 1010 1648 1059 XXIV,
1670 1023 1711 1062 p.
1735 1010 1830 1061 214)
1851 1014 1893 1051 et

320 1062 458 1106 Frevn
479 1062 622 1111 (Flora
644 1065 759 1111 1884,
782 1076 822 1114 p.
847 1063 941 1114 682)
962 1063 1039 1104 sub
1062 1064 1227 1104 nomine
1242 1062 1301 1104 N.
1324 1063 1446 1104 nudae
1461 1063 1509 1104 L.
1529 1067 1551 1104 3
1570 1063 1730 1115 species
1750 1062 1892 1104 affines

321 1108 636 1156 confunduntur
654 1129 662 1156 :
688 1120 725 1157 1⁰
744 1116 804 1157 N.
821 1116 1007 1157 violacea
1027 1116 1123 1156 Vill.
1141 1116 1456 1168 austro-Alpina
1470 1120 1512 1157 et
1529 1115 1893 1157 centro-Mediter-

319 1180 461 1217 ranea,
485 1171 524 1209 2⁰
544 1167 604 1210 N.
631 1168 883 1210 Pannonica
899 1169 1018 1221 Jacq.
1049 1169 1293 1219 Hungarica
1318 1173 1362 1209 et
1389 1169 1528 1209 forsan
1549 1181 1598 1209 ex
1619 1169 1670 1210 cl.
1693 1168 1829 1221 Freyn
1848 1169 1891 1209 in

317 1225 460 1262 monte
494 1221 672 1274 Aprutio
708 1233 912 1270 crescens,
949 1225 988 1262 3ο
1020 1221 1078 1262 N.
1114 1222 1229 1262 ηιιιία
1261 1221 1380 1274 Jacq.
1415 1222 1675 1273 paucissimis
1707 1222 1890 1273 cognita,

318 1274 498 1326 Illyrica,
522 1274 595 1315 sed
613 1287 651 1315 a.
679 1277 777 1316 1879
799 1287 823 1315 a
843 1275 893 1316 cl.
914 1274 1059 1315 Heldr.
1083 1275 1211 1315 etiam
1227 1275 1266 1315 in
1286 1274 1450 1316 Graecia
1468 1275 1625 1315 boreali
1644 1275 1704 1320 (in
1726 1275 1895 1326 regione

318 1327 459 1379 alpina
481 1327 554 1368 alt.
573 1328 811 1369 5500-7140'
826 1328 980 1369 montis
996 1327 1279 1380 Tympbresti,
1297 1338 1407 1368 nunc
1422 1327 1611 1376 Veluchi,
1628 1327 1891 1379 Eurytaniae)

318 1380 501 1421 detecta.

210 1520 302 1565 667,
336 1517 399 1556 N.
422 1517 700 1568 qlobifera,
726 1517 834 1558 adde
857 1530 865 1557 ε
889 1517 993 1569 Bge.
1016 1517 1058 1558 in
1075 1517 1248 1558 Linnaea
1268 1517 1401 1565 XXX,
1426 1529 1466 1569 p.
1491 1519 1581 1558 752.

207 1660 299 1705 742,
331 1662 427 1709 post
450 1657 696 1707 Stachyn
716 1656 1006 1697 candidam
1025 1656 1250 1697 inserenda
1269 1661 1381 1697 esset
1403 1669 1411 1696 :

370 1746 423 1785 S.
450 1745 913 1796 Spreitzenhoferi
935 1744 1100 1796 (Heldr.
1124 1744 1166 1785 in
1187 1743 1294 1784 OEst.
1316 1743 1412 1784 Bot.
1435 1743 1541 1785 Zeit.
1568 1746 1682 1793 1880,
1712 1755 1754 1796 p.
1777 1742 1887 1795 344).

373 1817 465 1851 Hab.
487 1818 523 1851 in
544 1817 687 1860 rupium
709 1817 933 1851 excelsarum
955 1815 1092 1851 fissuris
1112 1817 1241 1850 insulae
1262 1816 1451 1860 Cythereae
1478 1815 1525 1850 ad
1551 1822 1709 1850 castrum
1735 1815 1887 1859 Kapsali

326 1870 362 1899 et
381 1865 416 1898 in
436 1864 602 1899 faucibus
623 1864 776 1898 Kalamo
797 1864 844 1899 ad
865 1869 1010 1898 antrum
1030 1863 1278 1908 Hypopotami
1307 1864 1373 1898 alt..
1400 1865 1589 1898 800-1000'
1620 1862 1887 1907 (Spreitzenho-

326 1912 408 1957 fer).
430 1913 486 1946 Fl.
508 1913 655 1946 ineunte
674 1911 796 1946 Junio.

204 2061 296 2106 761,
331 2057 580 2098 Lamium
602 2057 922 2108 Aleppicum
946 2069 953 2096 :

370 2147 426 2180 Ex
458 2147 502 2181 cl.
530 2147 671 2190 Peyron
697 2147 731 2180 in
762 2146 830 2180 litt.
857 2146 893 2179 in
922 2146 1026 2189 Syria
1055 2145 1210 2179 littorali
1242 2145 1374 2188 ubique
1404 2145 1555 2189 vulgare
1584 2150 1638 2179 est
1667 2150 1702 2178 et
1730 2144 1884 2178 achenia

325 2193 558 2228 tuberculata
579 2193 700 2236 habet,
726 2193 770 2227 L.
788 2193 1050 2237 amplexicaule
1069 2197 1191 2226 autem
1213 2203 1257 2227 ex
1275 2203 1317 2226 eo
1334 2193 1517 2236 regionem
1539 2192 1700 2235 alpinam
1720 2191 1766 2225 ad
1785 2191 1884 2225 nives

323 2241 612 2285 deliquescentes
646 2241 829 2275 inhabitat
861 2246 896 2274 et
931 2240 1092 2274 acheniis
1125 2239 1275 2274 laevibus
1308 2239 1455 2283 gaudet.
1489 2240 1541 2274 Cl.
1572 2238 1734 2273 Blanche
1762 2243 1883 2273 autem

323 2299 389 2332 pro
404 2289 523 2332 specie
541 2289 725 2331 Europaea
745 2287 899 2322 achenia
918 2287 1001 2331 plus
1021 2287 1137 2321 minus
1150 2286 1385 2321 tuberculata
1402 2286 1571 2321 vindicat.
1590 2287 1692 2321 Itane
1712 2286 1756 2320 L.
1775 2285 1883 2329 Alep-

318 2336 443 2380 picum
464 2335 513 2370 nil
535 2336 601 2369 nisi
623 2346 699 2370 var.
719 2335 763 2369 L.
783 2334 1089 2379 amplexicaulis?

203 2477 295 2526 805,
327 2476 617 2516 Teucrium
640 2488 648 2516 ε
673 2474 816 2516 confer
836 2471 1100 2526 Celakovsky
1121 2487 1129 2515 :
1156 2489 1173 2512 «
1197 2474 1339 2516 Ueber
1365 2474 1501 2525 einige
1527 2473 1658 2514 Arten
1687 2473 1728 2514 d.
1763 2472 1883 2515 Gatt.

310 2528 533 2570 Teucrium
566 2542 582 2565 »
615 2528 656 2569 in
686 2528 782 2569 Bot.
815 2526 1104 2569 Centralblatt
1136 2530 1252 2575 1883,
1285 2526 1397 2575 XIV,
1427 2538 1494 2568 no.
1528 2529 1576 2568 18
1608 2531 1651 2568 et
1679 2529 1744 2575 20,
1774 2525 1885 2567 unde

310 2581 447 2634 quoad
466 2593 578 2634 spec.
603 2580 839 2623 Orientales
861 2581 1016 2622 attinet
1038 2583 1158 2622 notas
1178 2583 1402 2632 sequentes
1423 2580 1699 2632 excerpimus.

202 2735 294 2780 808,
326 2733 380 2774 T.
403 2731 694 2780 Orientale,
719 2731 828 2772 adde
851 2744 859 2772 z

361 2837 398 2874 γ.
430 2819 581 2861 villosa
601 2819 772 2870 (Benth.
805 2820 847 2860 in
873 2832 941 2861 nc.
971 2819 1120 2860 Prodr.
1143 2818 1238 2868 XII,
1263 2818 1374 2871 557).
1397 2842 1448 2847 -
1468 2817 1672 2860 Omnibus
1692 2817 1883 2870 partibus

309 2873 438 2915 dense
458 2877 501 2914 et
521 2873 644 2925 longe
664 2872 987 2914 albo-villosum.
1010 2872 1247 2913 Filamenta
1267 2871 1474 2912 abundius
1494 2871 1641 2923 pilosa.

369 2945 462 2980 Hab.
485 2955 528 2980 ex
549 2945 680 2979 Benth.
702 2945 725 2978 l.
748 2956 775 2979 c.
797 2945 831 2979 in
859 2945 965 2980 Caria
986 2944 1161 2988 (Pinard),
1189 2944 1362 2978 Armenia
1386 2943 1560 2984 (Montbr.
1586 2954 1619 2977 n.
1641 2945 1744 2986 2635,
1767 2941 1883 2977 Auch.

325 2993 441 3037 1600),
462 2993 587 3027 Persia
608 2992 740 3034 (Auch.
761 2994 880 3032 5167).
903 2992 1026 3027 Celak.
1049 3002 1066 3026 e
1086 2996 1208 3026 monte
1226 2991 1485 3026 Yamourdaba
1505 2991 1611 3035 Dagh
1632 3002 1687 3034 pr.
1706 2989 1886 3024 Ermenek
