2094 3351
223 238 292 273 326

223 320 292 353 Ptg.

225 374 317 418 855,

226 609 317 654 856,

226 846 317 890 seo,

222 1532 313 1577 860,

221 1847 297 1884 880
304 1876 312 1891 ,

220 2213 311 2257 8631,

219 2421 310 2465 861,

949 251 1172 276 compostus.
1751 240 1891 287 Crepzs.

349 372 402 411 C.
425 371 738 420 multiflora‚
762 372 871 413 adde
893 385 901 413 ε

389 459 482 494 Hab.
503 460 538 493 in
561 460 713 494 littorali
732 460 885 496 Troadis
903 471 1017 505 prope
1039 462 1324 506 Lugia-Hamam
1343 463 1447 503 (Sint.
1468 464 1531 496 981
1545 462 1578 505 !).

353 608 404 647 C.
428 608 688 656 aculeata,
711 608 819 649 adde
842 622 850 649 2

391 695 482 729 Hah.
504 696 537 729 in
560 697 656 740 agris
677 697 784 741 Cypri
805 707 920 741 prope
940 698 1095 732 Yalussa
1118 699 1218 740 (Sint.
1241 704 1276 733 et
1293 698 1384 743 Rigo
1406 699 1520 742 2841).

352 843 668 883 Hieracium
691 845 1002 885 pilosellam
1023 848 1060 899 β.
1084 845 1378 899 Byzantinwn
1394 846 1486 887 dele
1501 852 1543 887 et
1558 846 1646 898 ejus
1660 846 1750 887 loco
1764 858 1897 898 pone:

383 942 444 981 H.
481 942 935 993 pseudopilosella
966 943 1088 994 (Ten.
1125 943 1225 996 Syll.
1259 957 1300 996 p.
1337 945 1431 995 399)
1463 944 1693 985 rhizomate
1726 951 1900 997 repente

330 1005 500 1045 scapum
522 995 865 1046 monocephalum
886 995 1150 1048 Stolonesque
1171 997 1386 1048 elongatos
1412 1001 1571 1038 setosos
1597 997 1763 1045 edente,
1792 997 1900 1038 foliis

329 1046 517 1087 obovatis
535 1054 578 1087 et
598 1047 840 1088 lanceolatis
861 1049 1057 1100 utrinque
1083 1049 1203 1090 valde
1236 1051 1384 1090 setosis
1416 1062 1595 1102 superne
1623 1051 1689 1090 vix
1719 1050 1784 1091 vel
1817 1062 1897 1091 non

329 1098 528 1193 qoccosis),
558 1100 770 1141 involucro
801 1102 901 1141 setis
935 1102 1068 1153 longis
1094 1103 1397 1154 nigricantibus
1422 1102 1563 1154 phylla
1591 1103 1899 1144 occultantibus

329 1171 340 1191 t
357 1164 455 1193 ense
472 1164 494 1192 0
527 1153 607 1193 sito
634 1157 692 1199 ΩΙ.

387 1223 479 1303 Hxab.
513 1224 612 1305 εἰτεΙεξ
638 1224 852 1315 ἒῧῖῑαηῑίωῃ
875 1225 943 1268 (Fl.
965 1225 1071 1270 Or.!),
1100 1227 1135 1260 in
1168 1226 1335 1260 Thraciae
1367 1232 1488 1261 monte
1521 1227 1699 1271 Rhodope
1731 1227 1900 1271 (Dingler

343 1281 421 1304 exi
444 1281 511 1314 aeg.
534 1277 569 1305 et
617 1282 690 1305 ew..

387 1334 518 1368 Differt
537 1335 721 1369 involucro
742 1336 848 1378 longe
869 1341 988 1370 setoso
1012 1336 1056 1370 ab
1081 1337 1128 1370 H.
1153 1337 1327 1372 Pilosellci
1347 1338 1449 1382 cujus
1469 1338 1692 1373 involucrum
1714 1339 1800 1373 setis
1819 1337 1900 1372 bre—

342 1381 499 1415 vioribus
519 1382 702 1426 adpressis
723 1383 850 1427 phylla
870 1394 940 1417 non
961 1384 1229 1419 occultantibus
1251 1384 1418 1419 obsitum.

348 1531 411 1570 H.
435 1532 819 1571 macranthum
840 1543 889 1571 ex
907 1531 1029 1573 claris
1048 1531 1208 1585 Naegeli
1231 1539 1274 1574 et
1300 1533 1427 1574 Peter
1446 1538 1511 1574 est
1530 1534 1711 1575 varietas
1735 1537 1900 1574 austra-

328 1582 376 1623 lis
410 1587 453 1623 et
485 1583 699 1624 orientalis
735 1585 799 1624 H.
837 1586 1118 1636 Hoppeani
1154 1587 1361 1626 Schult.
1387 1605 1432 1619 z
1461 1586 1520 1627 H.
1540 1584 1901 1640 piloselloeformis

327 1635 490 1687 Hoppe.
525 1635 637 1677 Clari
670 1641 861 1677 auctores
890 1638 1060 1690 insuper
1088 1638 1353 1690 distinguunt
1383 1638 1558 1680 formam
1585 1639 1644 1680 H.
1678 1639 1900 1681 Cilicicum

327 1688 432 1729 foliis
453 1700 633 1740 superne
652 1688 790 1731 floccis
811 1690 1120 1732 albescentibus
1138 1715 1187 1719 -—
1206 1691 1323 1744 (Ky.,
1347 1692 1434 1733 Iter
1453 1691 1667 1733 Cilicicum
1692 1696 1782 1734 141c
1796 1692 1842 1744 !).

347 1844 410 1883 H.
442 1845 842 1884 stoloniflorum
877 1857 924 1886 ex
953 1845 1003 1886 cl.
1032 1844 1152 1898 Naeg.
1187 1850 1229 1887 et
1255 1846 1347 1887 Pet.
1384 1846 1461 1888 Pil.
1489 1859 1531 1898 p.
1561 1849 1637 1888 323
1664 1850 1728 1887 est
1763 1845 1899 1888 forma

326 1897 437 1937 inter
469 1897 528 1938 H.
562 1897 807 1938 Pilosellam
840 1902 882 1938 et
914 1898 1215 1940 aurantmcmn
1251 1899 1430 1950 hybrida
1467 1900 1531 1940 cui
1563 1899 1899 1951 probabilissime

326 1949 637 2001 adjungendum
662 1951 719 1990 H.
752 1950 989 2003 Ruprecleti·
1016 1951 1150 1993 Boiss.
1180 1952 1242 1993 Fl.
1273 1952 1345 1993 Or.
1369 1952 1445 2001 ΙΙΙ,
1475 1965 1516 2005 p.
1539 1955 1630 1993 861.
1654 1953 1713 1993 Η.
1737 1965 1900 1993 auran-

327 2002 482 2043 tiacnm
503 2008 643 2043 tamen
671 2015 719 2043 ex
741 2003 928 2044 Caucaso
950 2004 1133 2045 nondum
1154 2005 1352 2054 innotuit,
1375 2005 1449 2046 sed
1469 2006 1761 2046 verosimiliter
1780 2017 1898 2058 repe-

326 2056 472 2096 rietur.

328 2211 426 2308 (ξ-ξὲί
442 2211 753 2313 Βυρΐῗοὴιί.
786 2234 838 2239 -
869 2210 1029 2252 Eadem
1056 2213 1203 2264 planta
1228 2224 1276 2253 ac
1308 2212 1367 2254 H.
1396 2211 1706 2265 stoloniflorum
1736 2212 1804 2254 W.
1840 2212 1895 2254 K.

368 2275 395 2303 Ἰι
430 2275 451 2303 e
471 2274 597 2314 supra
624 2295 632 2303 .

324 2429 417 2511 lim)
442 2419 506 2456 H.
530 2419 974 2469 sphaerocephalo
996 2431 1103 2471 pone
1124 2431 1272 2461 nomen
1295 2420 1506 2473 antiquius
1529 2421 1594 2461 H.
1621 2421 1906 2462 furcatum.

366 2482 485 2522 oppc.

270 2636 275 2642 ·
299 2655 307 2673 ,
338 2635 413 2676 pro
436 2625 500 2664 H.
532 2626 758 2675 praealto
779 2628 816 2680 β.
841 2625 1128 2678 hispidissimo
1146 2637 1253 2678 pone
1276 2639 1284 2666 :

376 2722 440 2761 H.
466 2723 699 2762 Bauhini
725 2721 906 2773 (Schult.
931 2722 1031 2765 Obs.
1055 2728 1098 2764 et
1123 2723 1240 2765 Bess.
1264 2723 1392 2764 Prim.
1416 2723 1478 2764 Fl.
1503 2723 1618 2775 Gal.)
1639 2724 1739 2765 setis
1760 2724 1899 2776 longis

321 2774 563 2825 patentibus
588 2774 770 2815 obsitum
797 2787 852 2816 sae
885 2788 907 2817 e
934 2776 1275 2828 hispidissimum‚
1298 2776 1528 2818 rhizomate
1546 2777 1727 2817 stolones
1748 2777 1897 2828 longos

320 2832 553 2878 prostratos
574 2827 613 2867 in
637 2828 817 2868 rosulam
840 2788 1026 2869 igliosam
1048 2829 1251 2870 abeuntes
1272 2829 1438 2879 edente,
1462 2829 1568 2870 foliis
1595 2830 1728 2881 longis
1752 2829 1895 2870 oblon-

320 2880 383 2931 gis
416 2879 478 2920 vel
515 2879 973 2930 oblongo-lanceolatis,
1009 2882 1196 2923 caulibus
1223 2882 1429 2933 elongatis
1462 2882 1624 2923 inferne
1658 2881 1897 2935 1-2-phyllis

320 2938 518 2973 caeterum
540 2932 661 2973 nudis
682 2933 901 2985 elongatis,
926 2935 1109 2987 corymbi
1133 2935 1383 2976 densiusculi
1404 2936 1531 2976 ramis
1552 2935 1716 2983 erectis,
1738 2935 1899 2976 involu-

321 2996 389 3025 cro
419 2985 519 3025 setis
551 2985 640 3025 basi
673 2987 977 3037 nigricantibus
1012 2988 1146 3029 obsito
1175 3000 1287 3040 saepe
1320 2987 1802 3040 strigoso-hispidissimo
1832 2991 1898 3034 21.
