2115 3250
203 213 436 259 campa-nula.
882 216 1198 246 CAMPANULACEAE.
1811 207 1875 243 331

201 292 270 326 Pag.

365 344 511 388 Species
532 344 717 378 rarissima
737 353 758 376 a
779 341 1041 376 recentioribus
1068 341 1103 375 in
1131 342 1240 376 Creta
1263 351 1334 374 non
1361 341 1467 375 lecta.
1495 342 1698 384 Specimina
1720 351 1763 375 ex
1788 339 1880 374 Kar-

319 392 451 435 pathos
482 391 574 424 iconi
606 390 855 424 Jaubertianae
888 388 980 423 bene
1011 388 1245 431 respondent,
1274 388 1398 422 caules
1431 388 1739 431 3-5-pollicares‚
1771 386 1878 421 flores

323 440 426 472 12-15
453 438 566 472 lineas
592 436 701 480 longi.
730 436 872 480 Calycis
893 436 1036 469 laciniae
1058 435 1132 469 late
1153 435 1399 478 triangulares
1419 441 1536 469 acutae
1554 435 1641 468 tubo
1662 435 1802 468 hirsuto
1820 435 1876 468 vel

320 485 547 519 albo-lanato
577 484 688 527 duplo
718 483 900 527 longiores
924 487 1006 525 post
1026 483 1193 516 anthesin
1214 482 1388 516 stellatim
1410 482 1682 526 patentissimae,
1703 475 1878 524 app'endi-

318 543 376 566 ces
396 537 513 565 ovatae
533 530 658 564 tubum
679 535 855 574 tegentes.
876 530 969 563 Huic
989 528 1096 563 valde
1116 528 1236 563 affinis
1263 535 1316 562 est
1341 529 1376 564 Ο.
1398 529 1564 563 tubulosa
1585 529 1711 562 Lamk.
1739 528 1880 562 laciniis

320 578 541 622 longioribus
561 577 831 621 angustioribus
851 577 1066 610 acuminatis
1087 581 1122 610 et
1143 576 1281 610 corolla
1298 577 1508 620 angustiore
1528 576 1702 619 imprimis
1724 575 1878 609 diversa.

319 626 481 669 Utraque
501 631 623 659 tamen
642 624 795 658 ulterius
813 623 1071 667 comparanda.

200 760 293 805 {lot-1,
325 761 420 808 post
442 758 495 797 C.
518 757 771 797 collinam
792 756 929 796 insere
952 768 960 796 :

195 1718 286 1763 90:22,

358 844 409 883 C.
435 843 681 883 Orbelica
713 841 888 893 (Panci'c
917 841 1053 882 Elem.
1085 842 1139 882 ad
1172 841 1234 882 Fl.
1264 841 1489 893 Bulgariae‚
1526 853 1566 892 p.
1601 840 1671 892 48)
1700 840 1879 892 sparsim

332 895 657 945 iloso-lanatula‚
682 895 822 936 radice
844 895 1030 936 verticali
1051 895 1093 935 in
1121 894 1308 935 rhizoma
1334 893 1656 935 crassiusculum
1679 893 1877 939 abeunte,

319 948 409 989 oliis
429 948 683 989 radicalibus
710 948 939 1000 caespitosis
967 947 1164 999 oblongo-
1186 948 1250 988 vel
1277 946 1698 999 lineari-spathulatis
1718 945 1878 986 obtusis

302 1001 392 1042 basi
412 1001 536 1053 longe
557 1001 788 1042 attenuatis
803 1001 978 1052 integris
995 1000 1059 1041 vel
1075 1000 1262 1041 obsolete
1276 1000 1488 1051 repandis,
1506 999 1680 1040 caulinis
1698 1003 1878 1050 anguste

303 1053 543 1102 linearibus,
567 1054 755 1094 caulibus
776 1054 965 1105 pluribus
982 1054 1133 1094 erectis
1153 1053 1320 1105 pumilis
1336 1053 1427 1093 aliis
1446 1052 1632 1093 unifloris
1654 1052 1745 1092 aliis
1765 1063 1879 1091 race-

303 1118 417 1148 mose
437 1110 479 1147 et
505 1107 893 1147 subunilateraliter
920 1106 1162 1154 5-15-floris,
1194 1106 1367 1147 floribus
1394 1107 1435 1146 in
1464 1105 1700 1157 pedunculo
1730 1104 1879 1145 stricto

302 1159 416 1200 brevi
437 1160 700 1208 nutantibus,
724 1160 877 1212 calycis
896 1159 1058 1200 laciniis
1084 1159 1329 1200 lanceolatis
1357 1159 1554 1199 corollam
1581 1157 1765 1198 mediam
1791 1161 1880 1197 tur-

302 1212 490 1253 binatam
511 1213 745 1254 villosulam
765 1212 1077 1265 superantibus,
1101 1212 1401 1264 appendicibus
1423 1212 1558 1252 acutis
1573 1214 1636 1259 (Φ.

360 1283 453 1317 Hab.
475 1283 522 1317 ad
542 1289 678 1317 terram
701 1283 834 1317 nudam
861 1284 896 1317 in
918 1283 1177 1317 excelsioribus
1198 1284 1328 1317 montis
1349 1283 1431 1317 Rilo
1452 1282 1617 1316 Thraciae
1637 1282 1822 1325 (Panem).

361 1347 491 1381 Caules
509 1358 585 1381 cum
616 1358 759 1381 racemo
774 1349 850 1382 2-3-
865 1348 982 1382 rarius
999 1348 1286 1391 4·5-pollicares,
1312 1347 1452 1381 corolla
1473 1348 1532 1381 5-6
1554 1347 1615 1380 lin.
1638 1347 1759 1389 longa.
1782 1347 1813 1379 A
1831 1345 1876 1379 cl.

313 1400 461 1428 auctore
482 1405 560 1428 cum
585 1393 619 1430 G.
640 1395 800 1429 Aucheri
819 1395 967 1438 collata,
994 1395 1058 1429 sed
1083 1406 1154 1428 non
1185 1394 1379 1438 scapifiora
1410 1400 1446 1428 et
1472 1394 1586 1428 multo
1612 1395 1727 1437 magis
1756 1391 1877 1426 affinis

316 1442 351 1477 Ο.
373 1442 519 1485 Alpina?
536 1442 639 1485 cujus
659 1442 821 1476 rhizoma
844 1442 938 1476 idem
957 1447 992 1476 et
1020 1453 1041 1476 a
1064 1444 1136 1485 qua
1165 1442 1287 1476 differt
1312 1448 1452 1476 tantum
1479 1441 1629 1475 floribus
1655 1440 1770 1474 multo
1800 1440 1875 1473 lon-

312 1489 391 1532 gius
426 1488 694 1532 pedunculatis,
729 1490 863 1534 calycis
898 1489 1039 1523 laciniis
1076 1490 1192 1524 minus
1235 1489 1661 1524 attenuato-acuminatis
1702 1487 1876 1521 corollam

312 1546 382 1589 non
397 1536 705 1580 subaequantibus,
720 1536 984 1580 appendicibus
1004 1537 1229 1580 longioribus
1250 1538 1377 1579 acutis,
1399 1536 1537 1571 corolla
1554 1537 1668 1579 magis
1688 1534 1876 1568 turbinata

312 1593 460 1617 minore.

322 1716 373 1755 C.
399 1716 581 1756 ciliata
605 1729 613 1756 :

358 1805 462 1838 Hanc
488 1806 580 1839 sicut
615 1806 650 1841 G.
678 1807 920 1850 saxifraycwn,
958 1806 994 1841 C.
1022 1806 1234 1850 Ruprechti,
1267 1806 1304 1841 G.
1334 1806 1502 1849 Aucheri,
1545 1806 1579 1841 C.
1616 1805 1876 1849 bellidifoliam,

317 1851 350 1886 C.
362 1853 612 1887 Ardonensem
626 1863 691 1887 nec
705 1864 776 1887 non
794 1852 829 1888 (J.
841 1854 1084 1897 petrophilam
1099 1854 1143 1887 cl.
1159 1854 1308 1888 Trautv.
1325 1854 1448 1897 Camp.
1463 1853 1565 1887 Ross.
1581 1854 1616 1887 in
1632 1855 1713 1887 Act.
1729 1853 1875 1896 Petrop.

312 1899 373 1942 Vl,
394 1910 426 1942 p.
450 1902 493 1933 58
514 1900 561 1933 ad
588 1900 622 1936 G.
647 1901 886 1935 tridentatam
912 1908 951 1934 ut
977 1902 1174 1935 varietates
1206 1901 1406 1945 conjungit.
1427 1901 1499 1935 Eas
1521 1901 1660 1934 clarum
1686 1900 1876 1943 Ruprecht

311 1947 370 1989 qui
391 1947 489 1981 vivas
510 1948 546 1980 in
567 1948 728 1981 Caucaso
750 1947 956 1982 observavit
977 1955 1121 1982 secutus
1142 1948 1316 1992 descripsi
1344 1955 1379 1982 et
1411 1954 1516 1982 notas
1545 1947 1806 1982 differentiales
1829 1947 1875 1981 ab

312 2003 352 2027 eo
371 1993 538 2028 indicavi.
566 1994 602 2029 G.
622 1994 837 2037 bellidifolia
854 2000 890 2029 et
909 1994 945 2030 (J.
961 1996 1191 2030 Ardonensis
1208 1997 1410 2038 praesertim
1430 2006 1450 2029 a
1468 1996 1609 2029 caeteris
1630 1994 1754 2029 formis
1769 1994 1877 2028 valde

310 2040 487 2121 ¹¹{5tantes
501 2041 669 2076 videntur
690 2046 726 2076 et
745 2041 781 2077 Ο.
797 2043 1005 2086 petrophila
1023 2043 1189 2077 caulibus
1216 2043 1515 2077 decumbentibus
1537 2043 1714 2077 foliolosis
1732 2043 1877 2076 omnino

311 2097 332 2121 a
350 2098 443 2122 lena.

193 2231 286 2276 911,
320 2230 373 2269 C.
396 2230 723 2279 leucoclada,
746 2231 855 2272 adde
875 2243 967 2284 syn.
993 2244 1002 2272 z
1031 2231 1078 2274 Ο.
1106 2231 1319 2285 Griffitln‘z
1339 2232 1477 2273 Hook.
1507 2231 1536 2273 f.
1560 2237 1602 2273 et
1632 2232 1804 2273 ThomS.
1833 2232 1874 2273 in

296 2281 444 2322 Journ.
466 2282 589 2324 Linn.
614 2282 707 2325 Soc.
730 2283 872 2325 XVIII
892 2285 1038 2334 citata,
1061 2285 1136 2326 sed
1156 2297 1236 2326 non
1262 2285 1489 2337 descripta.

313 2369 448 2458 (Αῐίἶὲἒ.
470 2370 735 2460 ὃίξοιξαρὶἀοείε
764 2371 872 2406 vallis
907 2372 1045 2406 Kuram
1078 2372 1286 2417 Affghaniae
1321 2373 1416 2407 inter
1448 2373 1587 2407 Hariab
1627 2380 1661 2407 et
1696 2373 1877 2408 Drekalla

191 2548 283 2593 912,
317 2547 370 2586 C.
393 2547 786 2599 heterophylla,
809 2549 919 2591 adde
942 2562 950 2590 :

353 2634 445 2669 Hab.
464 2636 500 2669 in
517 2637 668 2680 rupibus
686 2638 839 2673 excelsis
860 2649 978 2684 prope
999 2639 1200 2674 coenobium
1222 2640 1384 2685 Panagia
1405 2641 1533 2675 insulae
1553 2643 1731 2686 Amorgos
1750 2642 1874 2686 Cycla-

309 2681 391 2715 dum
414 2683 599 2726 (Heldr.!,·.
620 2685 675 2718 1³1.
697 2686 874 2729 Augusto.

190 2826 282 2871 914,
313 2823 366 2864 ad
387 2824 543 2866 calcem
563 2826 761 2868 sectionis
780 2827 1017 2881 Rupestres
1034 2829 1171 2870 insere
1194 2842 1202 2870 :

327 2911 719 2969 ·C.·hypopolia
741 2913 935 2964 (Trautv.
958 2915 1053 2956 Act.
1076 2915 1247 2968 Petrop.
1272 2917 1344 2965 IV,
1367 2929 1407 2969 p.
1433 2918 1527 2969 389)
1546 2919 1755 2970 perennis,
1779 2930 1875 2960 cau-

296 2962 442 3004 dicuhs
463 2964 749 3006 subterraneis
779 2967 1034 3009 tenuissimis
1068 2968 1276 3020 elongatis
1309 2970 1400 3011 aliis
1434 2970 1628 3012 foliorum
1654 2971 1875 3013 fasciculos
