2094 3351
194 239 240 274 56

196 320 265 354 Pag.

198 701 290 743 301,

204 1837 295 1883 303,

203 2037 295 2082 306,

205 2237 279 2276 307
287 2266 296 2282 ,

206 2481 298 2526 308,

918 249 1138 274 canen-snat.
1741 239 1871 274 Draba.

361 373 453 408 Hah.
474 374 661 408 rarissima
681 374 716 407 in
734 373 921 407 cacumine
940 372 1174 407 Antehabala
1192 373 1365 406 montium
1379 372 1498 416 Bogos
1513 378 1548 407 et
1563 372 1746 408 montibus
1759 384 1875 418 prope

316 421 425 455 Diklo
444 421 596 456 Caucasi
614 420 800 455 orientalis
819 419 866 454 ad
883 420 1041 463 parietes
1059 420 1202 463 rupium
1218 420 1456 454 9600-10500'
1471 419 1647 463 (Rupr.!).

362 484 466 518 Folia
487 486 546 517 2-4
561 484 675 518 lineas
693 483 813 527 longa,
832 483 932 525 scapi
949 482 1230 526 1-2-pollicares,
1244 481 1351 517 flores
1367 483 1515 526 magnit.
1534 482 1582 517 D.
1595 483 1744 518 stellatae
1759 483 1782 518 J
1784 493 1875 527 aeq„

315 531 467 565 siliculae
489 533 509 564 4
530 531 645 565 lineas
665 530 784 574 longae
804 532 825 563 2
847 529 880 571 ¹l²
904 530 1001 563 latae.
1019 529 1119 564 Pube
1139 540 1210 563 non
1230 529 1390 572 stellata,
1408 529 1559 564 siliculis
1580 530 1720 573 magnis
1739 530 1876 574 glabris

315 588 337 612 a
356 577 404 612 D.
425 577 595 621 Armend,
614 577 740 612 eadem
761 578 848 610 nota
868 577 1060 620 scapisque
1081 576 1239 621 aphyllis
1259 586 1281 610 a.
1299 576 1347 610 D.
1366 575 1510 611 stellata
1529 576 1711 611 distincta.

326 699 385 737 D.
408 697 684 747 siliquosa‚
707 695 816 737 adde
841 709 849 736 :

362 774 456 808 Hab.
477 774 513 808 in
540 774 688 818 regione
714 773 839 817 alpina
857 773 1046 816 superiore
1065 773 1172 807 Ponti
1192 773 1314 808 Lazici
1336 783 1449 817 supra
1467 773 1593 816 Djimil
1613 774 1717 807 9000‘
1738 773 1878 817 (Bam),

316 823 351 856 in
382 821 508 865 alpina
541 826 577 856 et
606 820 799 864 subalpina
824 820 939 855 totius
966 820 1118 855 Caucasi
1148 819 1320 864 frequens
1345 821 1557 855 4800-9600‘
1577 819 1749 864 (Rupr.!).

358 941 416 982 Et
434 945 583 994 postea
603 941 739 982 insere
763 953 771 981 :

357 1090 482 1132 Sncr.
515 1090 577 1132 111
592 1089 668 1132 bis.
701 1089 932 1131 HonARGEs
952 1102 1020 1130 nc.
1045 1112 1097 1117 —
1120 1088 1298 1129 Biennes
1319 1087 1534 1129 albiflorae.
1557 1087 1708 1128 Caules
1729 1085 1878 1127 foliosi.

360 1224 416 1262 D.
437 1222 633 1262 incana
654 1220 721 1272 (L.
745 1219 817 1273 Sp.
840 1220 936 1270 807)
957 1220 1133 1268 biennis,
1157 1222 1248 1260 tota
1267 1219 1360 1278 pilis
1378 1219 1552 1260 ramosis
1573 1229 1797 1260 canescens
1817 1218 1882 1259 vel

304 1276 469 1323 incana,
489 1274 607 1316 caule
627 1278 767 1315 erecto
788 1273 935 1314 crebre
952 1272 1096 1313 folioso
1111 1272 1287 1325 simplici
1304 1272 1368 1313 vel
1381 1283 1562 1320 ramoso,
1579 1269 1686 1312 foliis
1702 1271 1882 1312 dentatis

305 1328 370 1369 vel
401 1328 578 1379 integris
615 1326 869 1367 radicalibus
909 1325 1037 1366 dense
1070 1325 1268 1366 rosulatis
1301 1324 1490 1377 oblongis
1522 1323 1587 1365 vel
1620 1323 1879 1372 lanceolatis‚

305 1381 479 1421 caulinis
499 1380 713 1421 sessilibus
733 1379 867 1419 ovatis
887 1379 952 1419 vel
971 1378 1231 1426 lanceolatis‚
1254 1389 1421 1418 racemo
1441 1377 1610 1418 demum
1628 1375 1751 1417 valde
1773 1376 1884 1418 elon-

306 1437 420 1485 gato,
442 1432 615 1474 floribus
636 1432 756 1481 albis,
779 1432 951 1472 siliculis
970 1430 1183 1483 pedicellis
1203 1431 1361 1471 strictis
1382 1430 1441 1471 eis
1460 1429 1722 1471 brevioribus
1741 1428 1884 1470 sufful-

303 1487 356 1527 tis
388 1486 545 1527 olabris
583 1485 648 1526 vel
679 1484 1004 1537 pubescentibus
1039 1483 1470 1536 elliptico-linearibus
1507 1494 1619 1535 saepe
1651 1483 1774 1523 tortis
1811 1485 1876 1530 ΕΣ).

309 1518 443 1581 Rch‘b.
467 1538 525 1580 Ic.
544 1541 663 1579 4249.
689 1560 742 1567 -
761 1536 820 1579 D.
843 1535 1026 1590 confusa
1044 1536 1176 1577 Ehrh.

365 1610 458 1645 Hab.
479 1611 516 1645 in
534 1610 696 1645 Caucaso
717 1609 824 1653 omni,
842 1608 905 1643 sed
924 1608 1059 1652 ubique
1079 1618 1165 1642 rara
1185 1609 1396 1643 2500-8400‘
1415 1606 1591 1651 (Rupr.!).

365 1675 432 1709 Ar.
454 1674 599 1717 fleogr.
620 1670 763 1709 Mohtes
783 1674 942 1717 Europae
962 1673 1122 1708 borealis
1142 1678 1178 1708 et
1205 1673 1363 1716 arcticae‚
1390 1672 1518 1716 Alpes,
1542 1671 1719 1716 Pyrenaei,
1742 1670 1886 1714 Sibiria,

326 1724 426 1768 regio
445 1722 661 1766 Himalaica‚
682 1722 852 1756 America
871 1720 1040 1755 borealis.

330 1835 389 1874 D.
412 1832 652 1880 linearis,
678 1831 788 1873 adde
810 1844 818 1871 :

367 1910 435 1945 Ar.
456 1909 600 1952 Goog-r.
621 1909 780 1944 Tibetia.

329 2033 755 2083 Coluteocarpus
772 2031 1114 2079 reticulatuS,
1138 2028 1247 2070 adde
1266 2041 1275 2069 ε

371 2110 464 2145 Hab.
485 2110 522 2144 in
542 2114 664 2144 monte
683 2108 830 2144 Schahu
851 2107 1098 2142 Kurdistaniae
1116 2107 1271 2141 Persicae
1291 2106 1393 2140 9000‘
1416 2104 1635 2149 (Haussk.!).

331 2231 595 2273 Graellsia
616 2229 1052 2281 saxifraqaefolia,
1075 2227 1185 2269 adde
1207 2240 1216 2268 :

371 2309 466 2344 Hab.
493 2308 540 2343 ad
566 2318 675 2352 rupes
694 2307 869 2341 montium
889 2305 1035 2341 Schahu
1056 2310 1092 2340 et
1111 2305 1172 2339 Pir
1189 2304 1300 2339 Omar
1328 2303 1479 2339 Gudrun
1505 2303 1668 2338 6-10000'
1697 2306 1732 2336 et
1756 2302 1888 2336 montis

327 2356 450 2392 Kellal
470 2356 617 2390 ditionis
637 2354 844 2390 Bachtiaris
861 2353 995 2388 Persiae
1017 2351 1234 2396 (Haussk.!).

330 2481 426 2529 post
447 2475 746 2516 Peltariam
767 2472 1001 2514 Aucheri
1023 2472 1160 2512 insere
1178 2483 1186 2511 :

368 2553 426 2593 P.
450 2551 711 2592 isatoides
732 2548 917 2601 (Barbey
938 2548 980 2589 in
1000 2547 1110 2588 Bull.
1134 2546 1227 2588 Soc.
1245 2545 1381 2587 Vaud.
1405 2544 1472 2586 Sc.
1492 2543 1592 2586 Nat.
1614 2546 1714 2585 1885
1733 2556 1775 2596 p.
1793 2543 1888 2594 219)

314 2605 509 2658 perennis
552 2602 773 2645 carnosula
805 2601 974 2654 glabra,
1011 2600 1199 2641 caulibus
1236 2598 1426 2659 pluribus
1464 2597 1614 2639 erectis
1649 2596 1713 2638 vel
1748 2607 1890 2637 ascen-

314 2658 525 2705 dentibus,
548 2656 655 2697 foliis
676 2654 1065 2696 obovato-cuneatis
1094 2654 1136 2693 in
1161 2651 1362 2705 petiolum
1380 2650 1672 2692 brevissimum
1697 2652 1890 2690 attenua-

314 2713 368 2753 tis
396 2722 576 2763 superne
605 2709 691 2750 late
719 2712 762 2749 et
792 2707 1059 2748 obtusissime
1092 2705 1363 2747 3-5-crenatis
1392 2703 1458 2745 vel
1489 2703 1656 2751 Iobatis,
1683 2701 1889 2754 supremis

313 2764 369 2805 ad
401 2775 663 2804 racemorum
690 2761 811 2802 basin
843 2760 910 2801 elli
942 2758 1285 2806 tico-linearibus,
1314 2757 1490 2798 racemis
1516 2755 1769 2808 corymbosis
1799 2758 1890 2795 tan-

314 2817 410 2858 dem
437 2816 643 2867 elongatis
672 2814 790 2862 laxis,
821 2816 921 2865 peta
939 2824 1057 2853 orum
1086 2823 1228 2863 ungue
1254 2810 1498 2851 subexserto
1526 2809 1683 2849 lamina
1710 2807 1891 2858 oblonga

314 2871 480 2921 integra
500 2867 654 2921 pallide
681 2866 866 2908 violacea
891 2867 1059 2913 venosa,
1088 2863 1257 2905 siliculis
1283 2862 1471 2904 obovatis
1499 2861 1589 2903 basi
1615 2860 1890 2902 subattenua-

314 2924 369 2964 tis
389 2923 431 2963 in
458 2920 660 2974 pedicello
688 2921 858 2961 incurvo
885 2919 944 2959 eis
975 2917 1163 2959 breviore
1194 2915 1385 2969 pendulis
1418 2917 1597 2967 anguste
1623 2912 1887 2965 marginatis,

313 2977 514 3027 stigmate
534 2973 682 3022 sessili,
704 2972 863 3013 semine
882 2971 1004 3012 unico
1024 2973 1203 3022 anguste
1223 2968 1336 3009 alato
1363 2971 1422 3015 Ql.

374 3045 468 3080 Hab.
488 3045 524 3079 in
544 3043 718 3087 lapidosis
739 3042 916 3077 calcareis
936 3040 1129 3075 mobilibus
1150 3039 1278 3075 insulae
1299 3038 1511 3082 Karpathos
1531 3036 1578 3071 ad
1598 3035 1740 3071 radices
1760 3035 1890 3069 montis

327 3093 436 3128 Messi
451 3103 565 3137 prope
580 3090 723 3126 Volada
737 3096 772 3125 et
786 3089 916 3124 montis
933 3088 1069 3133 Hagios
1084 3087 1186 3122 Elias
1200 3096 1315 3131 prope
1332 3085 1445 3130 Aperi
1462 3084 1639 3128 (Pichler!
1655 3081 1889 3127 Apr.-Maj0).
