<?xml version="1.0" encoding="UTF-8"?>
<!DOCTYPE html PUBLIC "-//W3C//DTD XHTML 1.0 Transitional//EN"
    "http://www.w3.org/TR/xhtml1/DTD/xhtml1-transitional.dtd">
<html xmlns="http://www.w3.org/1999/xhtml" xml:lang="en" lang="en">
 <head>
  <title>
</title>
<meta http-equiv="Content-Type" content="text/html;charset=utf-8" />
  <meta name='ocr-system' content='tesseract 3.04.00' />
  <meta name='ocr-capabilities' content='ocr_page ocr_carea ocr_par ocr_line ocrx_word'/>
</head>
<body>
  <div class='ocr_page' id='page_1' title='image "./floraorientaliss00bois_0270.png"; bbox 0 0 2094 3351; ppageno 0'>
   <div class='ocr_carea' id='block_1_1' title="bbox 214 230 285 267">
    <p class='ocr_par' dir='ltr' id='par_1_1' title="bbox 214 230 285 267">
     <span class='ocr_line' id='line_1_1' title="bbox 214 230 285 267; baseline -0.014 0"><span class='ocrx_word' id='word_1_1' title='bbox 214 230 285 267; x_wconf 77' lang='lat'>228</span> 
     </span>
    </p>
   </div>
   <div class='ocr_carea' id='block_1_2' title="bbox 963 234 1883 270">
    <p class='ocr_par' dir='ltr' id='par_1_2' title="bbox 963 234 1883 270">
     <span class='ocr_line' id='line_1_2' title="bbox 963 234 1883 270; baseline 0.004 -4"><span class='ocrx_word' id='word_1_2' title='bbox 963 241 1140 266; x_wconf 49' lang='grc' dir='ltr'>κομι-,ει</span> <span class='ocrx_word' id='word_1_3' title='bbox 1778 234 1883 270; x_wconf 68' lang='lat' dir='ltr'>Rota.</span> 
     </span>
    </p>
   </div>
   <div class='ocr_carea' id='block_1_3' title="bbox 334 364 1890 505">
    <p class='ocr_par' dir='ltr' id='par_1_3' title="bbox 334 364 1890 505">
     <span class='ocr_line' id='line_1_3' title="bbox 381 364 1889 411; baseline 0.002 -12"><span class='ocrx_word' id='word_1_4' title='bbox 381 365 453 400; x_wconf 91' lang='lat' dir='ltr'>Diu</span> <span class='ocrx_word' id='word_1_5' title='bbox 474 365 518 400; x_wconf 88' lang='lat' dir='ltr'>de</span> <span class='ocrx_word' id='word_1_6' title='bbox 539 364 718 400; x_wconf 83' lang='lat' dir='ltr'>affinitate</span> <span class='ocrx_word' id='word_1_7' title='bbox 737 365 783 400; x_wconf 89' lang='lat' dir='ltr'>R.</span> <span class='ocrx_word' id='word_1_8' title='bbox 803 365 1035 410; x_wconf 75' lang='lat' dir='ltr'>Elymaiticoe</span> <span class='ocrx_word' id='word_1_9' title='bbox 1055 365 1228 409; x_wconf 82' lang='lat' dir='ltr'>dubitavi,</span> <span class='ocrx_word' id='word_1_10' title='bbox 1246 366 1309 400; x_wconf 84' lang='lat' dir='ltr'>sed</span> <span class='ocrx_word' id='word_1_11' title='bbox 1329 372 1428 402; x_wconf 89' lang='lat' dir='ltr'>recte</span> <span class='ocrx_word' id='word_1_12' title='bbox 1448 367 1620 410; x_wconf 81' lang='lat' dir='ltr'><strong>opinante</strong></span> <span class='ocrx_word' id='word_1_13' title='bbox 1640 367 1684 401; x_wconf 93' lang='lat' dir='ltr'>cl.</span> <span class='ocrx_word' id='word_1_14' title='bbox 1706 368 1838 411; x_wconf 80' lang='lat' dir='ltr'>Crepin</span> <span class='ocrx_word' id='word_1_15' title='bbox 1854 368 1889 402; x_wconf 92' lang='lat' dir='ltr'>in</span> 
     </span>
     <span class='ocr_line' id='line_1_4' title="bbox 334 412 1889 458; baseline 0.002 -12"><span class='ocrx_word' id='word_1_16' title='bbox 334 413 404 446; x_wconf 87' lang='lat' dir='ltr'>litt.</span> <span class='ocrx_word' id='word_1_17' title='bbox 422 413 516 447; x_wconf 89' lang='lat' dir='ltr'>inter</span> <span class='ocrx_word' id='word_1_18' title='bbox 537 412 698 448; x_wconf 80' lang='lat' dir='ltr'>Ganinas</span> <span class='ocrx_word' id='word_1_19' title='bbox 710 412 856 447; x_wconf 82' lang='lat' dir='ltr'>tandem</span> <span class='ocrx_word' id='word_1_20' title='bbox 873 423 950 447; x_wconf 88' lang='lat' dir='ltr'>eam</span> <span class='ocrx_word' id='word_1_21' title='bbox 965 413 1079 456; x_wconf 89' lang='lat' dir='ltr'>posui,</span> <span class='ocrx_word' id='word_1_22' title='bbox 1094 423 1244 456; x_wconf 86' lang='lat' dir='ltr'>quarum</span> <span class='ocrx_word' id='word_1_23' title='bbox 1260 413 1490 448; x_wconf 84' lang='lat' dir='ltr'><strong>characteres</strong></span> <span class='ocrx_word' id='word_1_24' title='bbox 1505 414 1725 457; x_wconf 85' lang='lat' dir='ltr'>principales</span> <span class='ocrx_word' id='word_1_25' title='bbox 1739 414 1889 458; x_wconf 83' lang='lat' dir='ltr'>praebet,</span> 
     </span>
     <span class='ocr_line' id='line_1_5' title="bbox 334 459 1890 505; baseline 0.002 -12"><span class='ocrx_word' id='word_1_26' title='bbox 334 470 551 504; x_wconf 86' lang='lat' dir='ltr'>quamquam</span> <span class='ocrx_word' id='word_1_27' title='bbox 563 459 690 494; x_wconf 85' lang='lat' dir='ltr'>habitu</span> <span class='ocrx_word' id='word_1_28' title='bbox 701 460 821 503; x_wconf 82' lang='lat' dir='ltr'>potius</span> <span class='ocrx_word' id='word_1_29' title='bbox 835 459 881 494; x_wconf 86' lang='lat' dir='ltr'>ad</span> <span class='ocrx_word' id='word_1_30' title='bbox 895 459 1210 504; x_wconf 75' lang='lat' dir='ltr'>Rmpinellifolias</span> <span class='ocrx_word' id='word_1_31' title='bbox 1220 461 1294 494; x_wconf 87' lang='lat' dir='ltr'>sive</span> <span class='ocrx_word' id='word_1_32' title='bbox 1306 460 1528 505; x_wconf 65' lang='lat' dir='ltr'>Pisocarpas&#39;</span> <span class='ocrx_word' id='word_1_33' title='bbox 1537 467 1704 504; x_wconf 86' lang='lat' dir='ltr'>spectare</span> <span class='ocrx_word' id='word_1_34' title='bbox 1714 461 1890 496; x_wconf 84' lang='lat' dir='ltr'>videatur.</span> 
     </span>
    </p>
   </div>
   <div class='ocr_carea' id='block_1_4' title="bbox 861 639 1248 681">
    <p class='ocr_par' dir='ltr' id='par_1_4' title="bbox 861 639 1248 681">
     <span class='ocr_line' id='line_1_6' title="bbox 861 639 1248 681; baseline 0 0"><span class='ocrx_word' id='word_1_35' title='bbox 861 639 910 681; x_wconf 91' lang='lat' dir='ltr'>B.</span> <span class='ocrx_word' id='word_1_36' title='bbox 943 639 1248 681; x_wconf 88' lang='lat' dir='ltr'>SYNSTYLAE</span> 
     </span>
    </p>
   </div>
   <div class='ocr_carea' id='block_1_5' title="bbox 781 784 1320 837">
    <p class='ocr_par' dir='ltr' id='par_1_5' title="bbox 781 784 1320 837">
     <span class='ocr_line' id='line_1_7' title="bbox 781 784 1320 837; baseline -0.002 -10"><span class='ocrx_word' id='word_1_37' title='bbox 781 784 906 827; x_wconf 73' lang='lat' dir='ltr'>SEc‘r.</span> <span class='ocrx_word' id='word_1_38' title='bbox 930 785 1002 826; x_wconf 94' lang='lat' dir='ltr'>VI.</span> <span class='ocrx_word' id='word_1_39' title='bbox 1035 786 1320 837; x_wconf 83' lang='lat' dir='ltr'>Repentes.</span> 
     </span>
    </p>
   </div>
   <div class='ocr_carea' id='block_1_6' title="bbox 315 901 1892 1701">
    <p class='ocr_par' dir='ltr' id='par_1_6' title="bbox 317 901 1891 1156">
     <span class='ocr_line' id='line_1_8' title="bbox 370 901 1889 955; baseline -0.001 -11"><span class='ocrx_word' id='word_1_40' title='bbox 370 906 436 944; x_wconf 88' lang='lat'>42.</span> <span class='ocrx_word' id='word_1_41' title='bbox 470 905 528 944; x_wconf 82' lang='lat' dir='ltr'>R.</span> <span class='ocrx_word' id='word_1_42' title='bbox 560 904 834 943; x_wconf 83' lang='lat' dir='ltr'>Phoenicia</span> <span class='ocrx_word' id='word_1_43' title='bbox 858 903 1010 949; x_wconf 89' lang='lat' dir='ltr'>(Boiss.</span> <span class='ocrx_word' id='word_1_44' title='bbox 1040 904 1162 955; x_wconf 85' lang='lat' dir='ltr'>Diag.</span> <span class='ocrx_word' id='word_1_45' title='bbox 1187 902 1277 944; x_wconf 88' lang='lat' dir='ltr'>Ser.</span> <span class='ocrx_word' id='word_1_46' title='bbox 1300 902 1334 950; x_wconf 89' lang='lat' dir='ltr'>I,</span> <span class='ocrx_word' id='word_1_47' title='bbox 1361 906 1422 948; x_wconf 88' lang='grc'>10,</span> <span class='ocrx_word' id='word_1_48' title='bbox 1445 915 1486 954; x_wconf 88' lang='lat' dir='ltr'>p.</span> <span class='ocrx_word' id='word_1_49' title='bbox 1509 902 1550 949; x_wconf 78' lang='lat'>4)</span> <span class='ocrx_word' id='word_1_50' title='bbox 1577 901 1713 943; x_wconf 81' lang='lat' dir='ltr'><strong>frutex</strong></span> <span class='ocrx_word' id='word_1_51' title='bbox 1740 902 1889 951; x_wconf 90' lang='lat' dir='ltr'>elatus,</span> 
     </span>
     <span class='ocr_line' id='line_1_9' title="bbox 318 954 1888 1007; baseline -0.001 -10"><span class='ocrx_word' id='word_1_52' title='bbox 318 957 466 997; x_wconf 87' lang='lat' dir='ltr'>habitu</span> <span class='ocrx_word' id='word_1_53' title='bbox 482 956 599 997; x_wconf 59' lang='lat' dir='ltr'>Rubi</span> <span class='ocrx_word' id='word_1_54' title='bbox 620 956 836 997; x_wconf 66' lang='lat' dir='ltr'>tomentosz·</span> <span class='ocrx_word' id='word_1_55' title='bbox 851 956 1040 1007; x_wconf 90' lang='lat' dir='ltr'>(Boiss.),</span> <span class='ocrx_word' id='word_1_56' title='bbox 1057 956 1183 996; x_wconf 85' lang='lat' dir='ltr'>ramis</span> <span class='ocrx_word' id='word_1_57' title='bbox 1197 955 1511 1003; x_wconf 81' lang='lat' dir='ltr'>scandentibus,</span> <span class='ocrx_word' id='word_1_58' title='bbox 1528 954 1888 1003; x_wconf 83' lang='lat' dir='ltr'>homoeacanthus,</span> 
     </span>
     <span class='ocr_line' id='line_1_10' title="bbox 319 1007 1891 1061; baseline -0.001 -11"><span class='ocrx_word' id='word_1_59' title='bbox 319 1010 474 1050; x_wconf 83' lang='lat' dir='ltr'>aculeis</span> <span class='ocrx_word' id='word_1_60' title='bbox 507 1009 654 1050; x_wconf 89' lang='lat' dir='ltr'>validis</span> <span class='ocrx_word' id='word_1_61' title='bbox 694 1010 892 1057; x_wconf 85' lang='lat' dir='ltr'>curvatis,</span> <span class='ocrx_word' id='word_1_62' title='bbox 934 1008 1255 1061; x_wconf 87' lang='lat' dir='ltr'>macrophyllus,</span> <span class='ocrx_word' id='word_1_63' title='bbox 1296 1007 1444 1049; x_wconf 90' lang='lat' dir='ltr'>foliolis</span> <span class='ocrx_word' id='word_1_64' title='bbox 1484 1012 1550 1048; x_wconf 79' lang='grc'>3-5</span> <span class='ocrx_word' id='word_1_65' title='bbox 1578 1008 1733 1048; x_wconf 90' lang='lat' dir='ltr'>teneris</span> <span class='ocrx_word' id='word_1_66' title='bbox 1766 1019 1891 1060; x_wconf 89' lang='lat' dir='ltr'>supra</span> 
     </span>
     <span class='ocr_line' id='line_1_11' title="bbox 317 1060 1891 1156; baseline -0.001 -53"><span class='ocrx_word' id='word_1_67' title='bbox 317 1062 644 1156; x_wconf 60' lang='lat' dir='ltr'>gubescentibus</span> <span class='ocrx_word' id='word_1_68' title='bbox 664 1061 772 1103; x_wconf 87' lang='lat' dir='ltr'>infra</span> <span class='ocrx_word' id='word_1_69' title='bbox 798 1062 939 1114; x_wconf 88' lang='lat' dir='ltr'>pilosis</span> <span class='ocrx_word' id='word_1_70' title='bbox 960 1062 1093 1103; x_wconf 89' lang='lat' dir='ltr'>ovatis</span> <span class='ocrx_word' id='word_1_71' title='bbox 1127 1073 1237 1113; x_wconf 82' lang='lat' dir='ltr'>saepe</span> <span class='ocrx_word' id='word_1_72' title='bbox 1265 1061 1425 1101; x_wconf 89' lang='lat' dir='ltr'>obtusis</span> <span class='ocrx_word' id='word_1_73' title='bbox 1459 1060 1704 1112; x_wconf 89' lang='lat' dir='ltr'>simpliciter</span> <span class='ocrx_word' id='word_1_74' title='bbox 1733 1065 1776 1101; x_wconf 93' lang='lat' dir='ltr'>et</span> <span class='ocrx_word' id='word_1_75' title='bbox 1804 1060 1891 1101; x_wconf 86' lang='lat' dir='ltr'>late</span> 
     </span>
    </p>

    <p class='ocr_par' dir='ltr' id='par_1_7' title="bbox 315 1113 1892 1589">
     <span class='ocr_line' id='line_1_12' title="bbox 348 1113 1891 1167; baseline -0.002 -11"><span class='ocrx_word' id='word_1_76' title='bbox 348 1116 519 1163; x_wconf 78' lang='lat' dir='ltr'>ent-atis,</span> <span class='ocrx_word' id='word_1_77' title='bbox 559 1115 713 1167; x_wconf 86' lang='lat' dir='ltr'>petiolo</span> <span class='ocrx_word' id='word_1_78' title='bbox 752 1115 943 1155; x_wconf 84' lang='lat' dir='ltr'>aculeato</span> <span class='ocrx_word' id='word_1_79' title='bbox 981 1115 1125 1166; x_wconf 86' lang='lat' dir='ltr'>piloso,</span> <span class='ocrx_word' id='word_1_80' title='bbox 1165 1113 1329 1166; x_wconf 89' lang='lat' dir='ltr'>stipulis</span> <span class='ocrx_word' id='word_1_81' title='bbox 1367 1114 1478 1161; x_wconf 88' lang='lat' dir='ltr'>latis,</span> <span class='ocrx_word' id='word_1_82' title='bbox 1518 1113 1688 1154; x_wconf 84' lang='lat' dir='ltr'>floribus</span> <span class='ocrx_word' id='word_1_83' title='bbox 1719 1113 1891 1154; x_wconf 90' lang='lat' dir='ltr'>minutis</span> 
     </span>
     <span class='ocr_line' id='line_1_13' title="bbox 319 1165 1891 1221; baseline -0.002 -12"><span class='ocrx_word' id='word_1_84' title='bbox 319 1168 573 1221; x_wconf 89' lang='lat' dir='ltr'>corymbosis</span> <span class='ocrx_word' id='word_1_85' title='bbox 607 1168 954 1208; x_wconf 81' lang='lat' dir='ltr'>numerosissimis</span> <span class='ocrx_word' id='word_1_86' title='bbox 989 1169 1111 1219; x_wconf 80' lang='lat' dir='ltr'>longe</span> <span class='ocrx_word' id='word_1_87' title='bbox 1136 1167 1442 1219; x_wconf 87' lang='lat' dir='ltr'>pedunculatis,</span> <span class='ocrx_word' id='word_1_88' title='bbox 1466 1167 1672 1219; x_wconf 83' lang='lat' dir='ltr'>corymbis</span> <span class='ocrx_word' id='word_1_89' title='bbox 1702 1166 1818 1218; x_wconf 87' lang='lat' dir='ltr'>3plo-</span> <span class='ocrx_word' id='word_1_90' title='bbox 1838 1165 1891 1206; x_wconf 89' lang='lat' dir='ltr'>ad</span> 
     </span>
     <span class='ocr_line' id='line_1_14' title="bbox 317 1219 1891 1281; baseline -0.002 -19"><span class='ocrx_word' id='word_1_91' title='bbox 317 1222 678 1281; x_wconf 86' lang='lat' dir='ltr'>4plo-compositis</span> <span class='ocrx_word' id='word_1_92' title='bbox 710 1221 892 1261; x_wconf 83' lang='lat' dir='ltr'>bracteis</span> <span class='ocrx_word' id='word_1_93' title='bbox 926 1219 1068 1261; x_wconf 89' lang='lat' dir='ltr'>inferis</span> <span class='ocrx_word' id='word_1_94' title='bbox 1103 1220 1286 1260; x_wconf 84' lang='lat' dir='ltr'>foliaceis</span> <span class='ocrx_word' id='word_1_95' title='bbox 1313 1220 1475 1272; x_wconf 91' lang='lat' dir='ltr'>superis</span> <span class='ocrx_word' id='word_1_96' title='bbox 1504 1220 1636 1260; x_wconf 87' lang='lat' dir='ltr'>ovatis</span> <span class='ocrx_word' id='word_1_97' title='bbox 1664 1219 1891 1271; x_wconf 88' lang='lat' dir='ltr'>pubescen-</span> 
     </span>
     <span class='ocr_line' id='line_1_15' title="bbox 319 1271 1890 1325; baseline -0.002 -11"><span class='ocrx_word' id='word_1_98' title='bbox 319 1275 431 1315; x_wconf 87' lang='lat' dir='ltr'>tibus</span> <span class='ocrx_word' id='word_1_99' title='bbox 451 1274 648 1321; x_wconf 88' lang='lat' dir='ltr'>suftultis,</span> <span class='ocrx_word' id='word_1_100' title='bbox 701 1273 916 1314; x_wconf 88' lang='lat' dir='ltr'>edunculis</span> <span class='ocrx_word' id='word_1_101' title='bbox 939 1273 1203 1325; x_wconf 90' lang='lat' dir='ltr'>receptaculo</span> <span class='ocrx_word' id='word_1_102' title='bbox 1228 1271 1432 1324; x_wconf 88' lang='lat' dir='ltr'>dorsoque</span> <span class='ocrx_word' id='word_1_103' title='bbox 1455 1272 1691 1324; x_wconf 88' lang='lat' dir='ltr'>sepalorum</span> <span class='ocrx_word' id='word_1_104' title='bbox 1721 1271 1890 1313; x_wconf 87' lang='lat' dir='ltr'>laevibus</span> 
     </span>
     <span class='ocr_line' id='line_1_16' title="bbox 316 1286 1891 1379; baseline -0.001 -12"><span class='ocrx_word' id='word_1_105' title='bbox 316 1333 359 1368; x_wconf 85' lang='lat' dir='ltr'>et</span> <span class='ocrx_word' id='word_1_106' title='bbox 378 1328 530 1379; x_wconf 85' lang='lat' dir='ltr'>saepius</span> <span class='ocrx_word' id='word_1_107' title='bbox 560 1286 1054 1378; x_wconf 52' lang='lat' dir='ltr'>glanfuloso-puberulis,</span> <span class='ocrx_word' id='word_1_108' title='bbox 1077 1325 1341 1378; x_wconf 86' lang='lat' dir='ltr'>receptaculo</span> <span class='ocrx_word' id='word_1_109' title='bbox 1362 1333 1541 1377; x_wconf 83' lang='lat' dir='ltr'>anguste</span> <span class='ocrx_word' id='word_1_110' title='bbox 1566 1324 1891 1377; x_wconf 87' lang='lat' dir='ltr'>oblongo-cylin-</span> 
     </span>
     <span class='ocr_line' id='line_1_17' title="bbox 318 1378 1892 1432; baseline -0.002 -12"><span class='ocrx_word' id='word_1_111' title='bbox 318 1380 431 1420; x_wconf 82' lang='lat' dir='ltr'>‹irico</span> <span class='ocrx_word' id='word_1_112' title='bbox 451 1392 579 1432; x_wconf 90' lang='lat' dir='ltr'>supra</span> <span class='ocrx_word' id='word_1_113' title='bbox 600 1380 641 1420; x_wconf 92' lang='lat' dir='ltr'>in</span> <span class='ocrx_word' id='word_1_114' title='bbox 660 1379 809 1420; x_wconf 91' lang='lat' dir='ltr'>collum</span> <span class='ocrx_word' id='word_1_115' title='bbox 831 1383 1067 1425; x_wconf 85' lang='lat' dir='ltr'>attenuato,</span> <span class='ocrx_word' id='word_1_116' title='bbox 1090 1378 1242 1431; x_wconf 87' lang='lat' dir='ltr'>sepalis</span> <span class='ocrx_word' id='word_1_117' title='bbox 1258 1378 1723 1430; x_wconf 86' lang='lat' dir='ltr'>elongato-acuminatis</span> <span class='ocrx_word' id='word_1_118' title='bbox 1739 1389 1892 1429; x_wconf 88' lang='lat' dir='ltr'>appen-</span> 
     </span>
     <span class='ocr_line' id='line_1_18' title="bbox 318 1429 1888 1484; baseline -0.001 -11"><span class='ocrx_word' id='word_1_119' title='bbox 318 1433 512 1473; x_wconf 80' lang='lat' dir='ltr'>(liculatis</span> <span class='ocrx_word' id='word_1_120' title='bbox 532 1433 684 1484; x_wconf 82' lang='lat' dir='ltr'>saepius</span> <span class='ocrx_word' id='word_1_121' title='bbox 714 1431 1093 1472; x_wconf 85' lang='lat' dir='ltr'>foliaceo-dilatatis</span> <span class='ocrx_word' id='word_1_122' title='bbox 1120 1430 1298 1479; x_wconf 87' lang='lat' dir='ltr'>reflexis,</span> <span class='ocrx_word' id='word_1_123' title='bbox 1330 1431 1485 1471; x_wconf 72' lang='lat' dir='ltr'>corolla</span> <span class='ocrx_word' id='word_1_124' title='bbox 1509 1430 1707 1472; x_wconf 79' lang='lat' dir='ltr'>mediocm&#39;</span> <span class='ocrx_word' id='word_1_125' title='bbox 1733 1429 1888 1479; x_wconf 77' lang='lat' dir='ltr'>albida,</span> 
     </span>
     <span class='ocr_line' id='line_1_19' title="bbox 316 1483 1891 1538; baseline -0.001 -12"><span class='ocrx_word' id='word_1_126' title='bbox 316 1486 435 1538; x_wconf 83' lang='lat' dir='ltr'>stylis</span> <span class='ocrx_word' id='word_1_127' title='bbox 450 1486 491 1526; x_wconf 91' lang='lat' dir='ltr'>in</span> <span class='ocrx_word' id='word_1_128' title='bbox 507 1486 742 1526; x_wconf 86' lang='lat' dir='ltr'>columnam</span> <span class='ocrx_word' id='word_1_129' title='bbox 758 1484 996 1536; x_wconf 79' lang='lat' dir='ltr'>elongatam</span> <span class='ocrx_word' id='word_1_130' title='bbox 1015 1484 1304 1525; x_wconf 84' lang='lat' dir='ltr'>tenuissimam</span> <span class='ocrx_word' id='word_1_131' title='bbox 1320 1483 1475 1524; x_wconf 89' lang='lat' dir='ltr'>nudam</span> <span class='ocrx_word' id='word_1_132' title='bbox 1490 1483 1709 1532; x_wconf 84' lang='lat' dir='ltr'>concretis,</span> <span class='ocrx_word' id='word_1_133' title='bbox 1725 1483 1891 1524; x_wconf 88' lang='lat' dir='ltr'>urceolo</span> 
     </span>
     <span class='ocr_line' id='line_1_20' title="bbox 315 1536 1438 1589; baseline -0.002 -10"><span class='ocrx_word' id='word_1_134' title='bbox 315 1547 483 1580; x_wconf 87' lang='lat' dir='ltr'>maturo</span> <span class='ocrx_word' id='word_1_135' title='bbox 503 1544 626 1579; x_wconf 86' lang='lat' dir='ltr'>ovato</span> <span class='ocrx_word' id='word_1_136' title='bbox 646 1538 833 1579; x_wconf 87' lang='lat' dir='ltr'>latericio</span> <span class='ocrx_word' id='word_1_137' title='bbox 853 1537 1028 1589; x_wconf 89' lang='lat' dir='ltr'>pulposo</span> <span class='ocrx_word' id='word_1_138' title='bbox 1047 1537 1200 1589; x_wconf 85' lang='lat' dir='ltr'>sepalis</span> <span class='ocrx_word' id='word_1_139' title='bbox 1220 1536 1438 1578; x_wconf 89' lang='lat' dir='ltr'>destituto.</span> 
     </span>
    </p>

    <p class='ocr_par' dir='ltr' id='par_1_8' title="bbox 328 1608 1891 1701">
     <span class='ocr_line' id='line_1_21' title="bbox 376 1608 1891 1653; baseline -0.001 -10"><span class='ocrx_word' id='word_1_140' title='bbox 376 1609 470 1644; x_wconf 84' lang='lat' dir='ltr'>Hab.</span> <span class='ocrx_word' id='word_1_141' title='bbox 489 1609 534 1643; x_wconf 88' lang='lat' dir='ltr'>ad</span> <span class='ocrx_word' id='word_1_142' title='bbox 561 1609 718 1653; x_wconf 87' lang='lat' dir='ltr'>Papasly</span> <span class='ocrx_word' id='word_1_143' title='bbox 738 1608 891 1643; x_wconf 87' lang='lat' dir='ltr'>Troadis</span> <span class='ocrx_word' id='word_1_144' title='bbox 913 1608 1017 1652; x_wconf 88' lang='lat' dir='ltr'>(Sint.</span> <span class='ocrx_word' id='word_1_145' title='bbox 1043 1609 1137 1652; x_wconf 88' lang='lat'><strong>969),</strong></span> <span class='ocrx_word' id='word_1_146' title='bbox 1158 1610 1193 1643; x_wconf 92' lang='lat' dir='ltr'>in</span> <span class='ocrx_word' id='word_1_147' title='bbox 1220 1608 1345 1644; x_wconf 75' lang='lat' dir='ltr'>Cilicia</span> <span class='ocrx_word' id='word_1_148' title='bbox 1367 1608 1448 1652; x_wconf 88' lang='lat' dir='ltr'><strong>(Ky.</strong></span> <span class='ocrx_word' id='word_1_149' title='bbox 1473 1610 1549 1652; x_wconf 83' lang='lat'>185,</span> <span class='ocrx_word' id='word_1_150' title='bbox 1572 1608 1654 1652; x_wconf 86' lang='lat'>352)</span> <span class='ocrx_word' id='word_1_151' title='bbox 1677 1614 1712 1642; x_wconf 92' lang='lat' dir='ltr'>et</span> <span class='ocrx_word' id='word_1_152' title='bbox 1732 1608 1768 1642; x_wconf 92' lang='lat' dir='ltr'>in</span> <span class='ocrx_word' id='word_1_153' title='bbox 1787 1608 1891 1652; x_wconf 71' lang='lat' dir='ltr'>Syria</span> 
     </span>
     <span class='ocr_line' id='line_1_22' title="bbox 328 1655 1890 1701; baseline -0.001 -10"><span class='ocrx_word' id='word_1_154' title='bbox 328 1657 467 1691; x_wconf 86' lang='lat' dir='ltr'>boreali</span> <span class='ocrx_word' id='word_1_155' title='bbox 485 1663 520 1690; x_wconf 89' lang='lat' dir='ltr'>et</span> <span class='ocrx_word' id='word_1_156' title='bbox 537 1656 691 1690; x_wconf 89' lang='lat' dir='ltr'>littorali</span> <span class='ocrx_word' id='word_1_157' title='bbox 712 1656 810 1690; x_wconf 88' lang='lat' dir='ltr'>haud</span> <span class='ocrx_word' id='word_1_158' title='bbox 830 1656 1040 1699; x_wconf 85' lang='lat' dir='ltr'>infrequens</span> <span class='ocrx_word' id='word_1_159' title='bbox 1059 1669 1065 1689; x_wconf 89' lang='grc'>;</span> <span class='ocrx_word' id='word_1_160' title='bbox 1085 1656 1184 1701; x_wconf 84' lang='lat' dir='ltr'>Orny</span> <span class='ocrx_word' id='word_1_161' title='bbox 1202 1661 1238 1690; x_wconf 89' lang='lat' dir='ltr'>et</span> <span class='ocrx_word' id='word_1_162' title='bbox 1255 1655 1302 1689; x_wconf 88' lang='lat' dir='ltr'>ad</span> <span class='ocrx_word' id='word_1_163' title='bbox 1323 1656 1540 1690; x_wconf 85' lang='lat' dir='ltr'>Damascum</span> <span class='ocrx_word' id='word_1_164' title='bbox 1563 1655 1645 1699; x_wconf 88' lang='lat' dir='ltr'><strong>(Ky.</strong></span> <span class='ocrx_word' id='word_1_165' title='bbox 1666 1655 1736 1699; x_wconf 82' lang='lat'>87),</span> <span class='ocrx_word' id='word_1_166' title='bbox 1755 1655 1890 1689; x_wconf 79' lang='lat' dir='ltr'>Aintab</span> 
     </span>
    </p>
   </div>
   <div class='ocr_carea' id='block_1_7' title="bbox 330 1702 1888 1794">
    <p class='ocr_par' dir='ltr' id='par_1_9' title="bbox 330 1702 1888 1794">
     <span class='ocr_line' id='line_1_23' title="bbox 330 1702 1888 1748; baseline -0.002 -9"><span class='ocrx_word' id='word_1_167' title='bbox 330 1704 529 1747; x_wconf 83' lang='lat' dir='ltr'>(Haussk.),</span> <span class='ocrx_word' id='word_1_168' title='bbox 550 1705 585 1737; x_wconf 93' lang='lat' dir='ltr'>in</span> <span class='ocrx_word' id='word_1_169' title='bbox 605 1706 744 1738; x_wconf 87' lang='lat' dir='ltr'>Amano</span> <span class='ocrx_word' id='word_1_170' title='bbox 773 1703 853 1747; x_wconf 89' lang='lat' dir='ltr'><strong>(Ky.</strong></span> <span class='ocrx_word' id='word_1_171' title='bbox 887 1704 957 1748; x_wconf 89' lang='lat'><strong>77),</strong></span> <span class='ocrx_word' id='word_1_172' title='bbox 990 1704 1158 1738; x_wconf 85' lang='lat' dir='ltr'>Antelias</span> <span class='ocrx_word' id='word_1_173' title='bbox 1187 1703 1334 1748; x_wconf 75' lang='lat' dir='ltr'>(Peyr.)‚</span> <span class='ocrx_word' id='word_1_174' title='bbox 1363 1704 1460 1738; x_wconf 84' lang='lat' dir='ltr'>circa</span> <span class='ocrx_word' id='word_1_175' title='bbox 1489 1702 1630 1747; x_wconf 88' lang='lat' dir='ltr'>Tripoli</span> <span class='ocrx_word' id='word_1_176' title='bbox 1663 1703 1803 1747; x_wconf 69' lang='lat' dir='ltr'>(Boiss,</span> <span class='ocrx_word' id='word_1_177' title='bbox 1835 1702 1888 1736; x_wconf 91' lang='lat' dir='ltr'>Bl.</span> 
     </span>
     <span class='ocr_line' id='line_1_24' title="bbox 332 1750 887 1794; baseline -0.002 -9"><span class='ocrx_word' id='word_1_178' title='bbox 332 1754 434 1794; x_wconf 85' lang='grc'>1223)</span> <span class='ocrx_word' id='word_1_179' title='bbox 458 1758 494 1786; x_wconf 84' lang='lat' dir='ltr'>et</span> <span class='ocrx_word' id='word_1_180' title='bbox 514 1751 681 1786; x_wconf 76' lang='lat' dir='ltr'>Sidonem</span> <span class='ocrx_word' id='word_1_181' title='bbox 702 1750 772 1794; x_wconf 91' lang='lat' dir='ltr'>(Bl.</span> <span class='ocrx_word' id='word_1_182' title='bbox 793 1752 887 1794; x_wconf 88' lang='grc'>609).</span> 
     </span>
    </p>
   </div>
   <div class='ocr_carea' id='block_1_8' title="bbox 316 1881 1893 2466">
    <p class='ocr_par' dir='ltr' id='par_1_10' title="bbox 316 1881 1893 2466">
     <span class='ocr_line' id='line_1_25' title="bbox 370 1881 1892 1934; baseline -0.002 -9"><span class='ocrx_word' id='word_1_183' title='bbox 370 1887 435 1925; x_wconf 83' lang='grc'>43.</span> <span class='ocrx_word' id='word_1_184' title='bbox 470 1885 528 1924; x_wconf 88' lang='lat' dir='ltr'>R.</span> <span class='ocrx_word' id='word_1_185' title='bbox 552 1883 802 1923; x_wconf 81' lang='lat' dir='ltr'>arvensis</span> <span class='ocrx_word' id='word_1_186' title='bbox 824 1882 978 1934; x_wconf 79' lang='lat' dir='ltr'>(Huds.</span> <span class='ocrx_word' id='word_1_187' title='bbox 1000 1882 1124 1934; x_wconf 83' lang='lat' dir='ltr'>Angl.</span> <span class='ocrx_word' id='word_1_188' title='bbox 1146 1895 1188 1934; x_wconf 87' lang='lat' dir='ltr'>p.</span> <span class='ocrx_word' id='word_1_189' title='bbox 1211 1882 1306 1934; x_wconf 88' lang='lat'>219)</span> <span class='ocrx_word' id='word_1_190' title='bbox 1324 1881 1463 1923; x_wconf 87' lang='lat' dir='ltr'>frutex</span> <span class='ocrx_word' id='word_1_191' title='bbox 1484 1882 1669 1923; x_wconf 89' lang='lat' dir='ltr'>turiones</span> <span class='ocrx_word' id='word_1_192' title='bbox 1686 1881 1892 1934; x_wconf 85' lang='lat' dir='ltr'>longiores</span> 
     </span>
     <span class='ocr_line' id='line_1_26' title="bbox 317 1935 1890 1990; baseline -0.002 -12"><span class='ocrx_word' id='word_1_193' title='bbox 317 1937 640 1990; x_wconf 81' lang='lat' dir='ltr'>procumbentes</span> <span class='ocrx_word' id='word_1_194' title='bbox 675 1936 886 1983; x_wconf 87' lang='lat' dir='ltr'>emittens,</span> <span class='ocrx_word' id='word_1_195' title='bbox 923 1935 1283 1982; x_wconf 87' lang='lat' dir='ltr'>homoeacanthus,</span> <span class='ocrx_word' id='word_1_196' title='bbox 1320 1935 1475 1976; x_wconf 86' lang='lat' dir='ltr'>aculeis</span> <span class='ocrx_word' id='word_1_197' title='bbox 1507 1935 1654 1975; x_wconf 84' lang='lat' dir='ltr'>validis</span> <span class='ocrx_word' id='word_1_198' title='bbox 1693 1935 1890 1983; x_wconf 87' lang='lat' dir='ltr'>curvatis,</span> 
     </span>
     <span class='ocr_line' id='line_1_27' title="bbox 316 1987 1892 2041; baseline -0.002 -10"><span class='ocrx_word' id='word_1_199' title='bbox 316 1991 465 2032; x_wconf 89' lang='lat' dir='ltr'>foliolis</span> <span class='ocrx_word' id='word_1_200' title='bbox 487 1993 552 2031; x_wconf 91' lang='grc'>5-7</span> <span class='ocrx_word' id='word_1_201' title='bbox 575 1990 743 2030; x_wconf 79' lang='lat' dir='ltr'>circiter</span> <span class='ocrx_word' id='word_1_202' title='bbox 762 1992 784 2030; x_wconf 81' lang='lat'>2</span> <span class='ocrx_word' id='word_1_203' title='bbox 806 2000 885 2029; x_wconf 91' lang='lat' dir='ltr'>cm.</span> <span class='ocrx_word' id='word_1_204' title='bbox 908 1988 1042 2041; x_wconf 82' lang='lat' dir='ltr'>longis</span> <span class='ocrx_word' id='word_1_205' title='bbox 1062 2000 1188 2041; x_wconf 88' lang='lat' dir='ltr'>parce</span> <span class='ocrx_word' id='word_1_206' title='bbox 1213 1989 1251 2029; x_wconf 92' lang='lat' dir='ltr'>in</span> <span class='ocrx_word' id='word_1_207' title='bbox 1286 1988 1400 2029; x_wconf 90' lang='lat' dir='ltr'>rimis</span> <span class='ocrx_word' id='word_1_208' title='bbox 1426 1988 1535 2029; x_wconf 84' lang='lat' dir='ltr'>infra</span> <span class='ocrx_word' id='word_1_209' title='bbox 1562 1988 1702 2040; x_wconf 88' lang='lat' dir='ltr'>pilosis</span> <span class='ocrx_word' id='word_1_210' title='bbox 1737 1987 1892 2028; x_wconf 88' lang='lat' dir='ltr'>teneris</span> 
     </span>
     <span class='ocr_line' id='line_1_28' title="bbox 316 2040 1891 2095; baseline -0.002 -11"><span class='ocrx_word' id='word_1_211' title='bbox 316 2044 450 2084; x_wconf 81' lang='lat' dir='ltr'>evatis</span> <span class='ocrx_word' id='word_1_212' title='bbox 476 2043 627 2095; x_wconf 81' lang='lat' dir='ltr'>saepius</span> <span class='ocrx_word' id='word_1_213' title='bbox 653 2042 813 2083; x_wconf 89' lang='lat' dir='ltr'>obtusis</span> <span class='ocrx_word' id='word_1_214' title='bbox 837 2054 966 2093; x_wconf 86' lang='lat' dir='ltr'>supra</span> <span class='ocrx_word' id='word_1_215' title='bbox 990 2046 1182 2082; x_wconf 84' lang='lat' dir='ltr'>saturate</span> <span class='ocrx_word' id='word_1_216' title='bbox 1209 2042 1251 2082; x_wconf 92' lang='lat' dir='ltr'>in</span> <span class='ocrx_word' id='word_1_217' title='bbox 1272 2053 1319 2081; x_wconf 87' lang='lat' dir='ltr'>ra</span> <span class='ocrx_word' id='word_1_218' title='bbox 1347 2041 1502 2093; x_wconf 88' lang='lat' dir='ltr'>pallide</span> <span class='ocrx_word' id='word_1_219' title='bbox 1529 2041 1730 2082; x_wconf 86' lang='lat' dir='ltr'>viridibus</span> <span class='ocrx_word' id='word_1_220' title='bbox 1753 2040 1891 2092; x_wconf 81' lang='lat' dir='ltr'>opacis</span> 
     </span>
     <span class='ocr_line' id='line_1_29' title="bbox 317 2093 1891 2148; baseline -0.003 -11"><span class='ocrx_word' id='word_1_221' title='bbox 317 2096 562 2148; x_wconf 88' lang='lat' dir='ltr'>simpliciter</span> <span class='ocrx_word' id='word_1_222' title='bbox 589 2095 964 2136; x_wconf 86' lang='lat' dir='ltr'>dentato-creuatis</span> <span class='ocrx_word' id='word_1_223' title='bbox 991 2094 1187 2136; x_wconf 85' lang='lat' dir='ltr'>dentibus</span> <span class='ocrx_word' id='word_1_224' title='bbox 1213 2093 1325 2134; x_wconf 86' lang='lat' dir='ltr'>haud</span> <span class='ocrx_word' id='word_1_225' title='bbox 1352 2094 1583 2135; x_wconf 90' lang='lat' dir='ltr'>numerosis</span> <span class='ocrx_word' id='word_1_226' title='bbox 1604 2094 1715 2142; x_wconf 89' lang='lat' dir='ltr'>latis,</span> <span class='ocrx_word' id='word_1_227' title='bbox 1737 2093 1891 2146; x_wconf 85' lang='lat' dir='ltr'>petiolo</span> 
     </span>
     <span class='ocr_line' id='line_1_30' title="bbox 316 2146 1891 2200; baseline -0.002 -10"><span class='ocrx_word' id='word_1_228' title='bbox 316 2150 507 2190; x_wconf 90' lang='lat' dir='ltr'>aculeato</span> <span class='ocrx_word' id='word_1_229' title='bbox 544 2148 814 2200; x_wconf 86' lang='lat' dir='ltr'>pubescente,</span> <span class='ocrx_word' id='word_1_230' title='bbox 854 2147 1018 2199; x_wconf 88' lang='lat' dir='ltr'>stipulis</span> <span class='ocrx_word' id='word_1_231' title='bbox 1055 2147 1260 2199; x_wconf 83' lang='lat' dir='ltr'>angustis,</span> <span class='ocrx_word' id='word_1_232' title='bbox 1298 2146 1470 2188; x_wconf 89' lang='lat' dir='ltr'>floribus</span> <span class='ocrx_word' id='word_1_233' title='bbox 1507 2147 1704 2188; x_wconf 88' lang='lat' dir='ltr'>solitariis</span> <span class='ocrx_word' id='word_1_234' title='bbox 1740 2146 1891 2198; x_wconf 83' lang='lat' dir='ltr'>saepius</span> 
     </span>
     <span class='ocr_line' id='line_1_31' title="bbox 317 2199 1893 2254; baseline -0.002 -12"><span class='ocrx_word' id='word_1_235' title='bbox 317 2202 572 2254; x_wconf 86' lang='lat' dir='ltr'>corymbosis</span> <span class='ocrx_word' id='word_1_236' title='bbox 611 2201 735 2253; x_wconf 81' lang='lat' dir='ltr'>longe</span> <span class='ocrx_word' id='word_1_237' title='bbox 770 2200 1076 2253; x_wconf 86' lang='lat' dir='ltr'>pedunculatis,</span> <span class='ocrx_word' id='word_1_238' title='bbox 1111 2199 1346 2251; x_wconf 87' lang='lat' dir='ltr'>pedunculo</span> <span class='ocrx_word' id='word_1_239' title='bbox 1383 2200 1648 2252; x_wconf 88' lang='lat' dir='ltr'>receptaculo</span> <span class='ocrx_word' id='word_1_240' title='bbox 1687 2199 1893 2251; x_wconf 89' lang='lat' dir='ltr'>dorsoque</span> 
     </span>
     <span class='ocr_line' id='line_1_32' title="bbox 317 2252 1892 2308; baseline -0.003 -12"><span class='ocrx_word' id='word_1_241' title='bbox 317 2256 554 2308; x_wconf 88' lang='lat' dir='ltr'>sepalorurn</span> <span class='ocrx_word' id='word_1_242' title='bbox 581 2266 707 2306; x_wconf 89' lang='lat' dir='ltr'>parce</span> <span class='ocrx_word' id='word_1_243' title='bbox 727 2253 998 2304; x_wconf 58' lang='lat' dir='ltr'>glandulosi&amp;</span> <span class='ocrx_word' id='word_1_244' title='bbox 1021 2253 1172 2305; x_wconf 89' lang='lat' dir='ltr'>sepalis</span> <span class='ocrx_word' id='word_1_245' title='bbox 1193 2253 1442 2294; x_wconf 89' lang='lat' dir='ltr'>acuminatis</span> <span class='ocrx_word' id='word_1_246' title='bbox 1469 2253 1724 2294; x_wconf 86' lang='lat' dir='ltr'>abbreviatis</span> <span class='ocrx_word' id='word_1_247' title='bbox 1752 2252 1892 2293; x_wconf 89' lang='lat' dir='ltr'>subin-</span> 
     </span>
     <span class='ocr_line' id='line_1_33' title="bbox 317 2304 1891 2360; baseline -0.002 -12"><span class='ocrx_word' id='word_1_248' title='bbox 317 2309 462 2360; x_wconf 76' lang='lat' dir='ltr'>tegris‚</span> <span class='ocrx_word' id='word_1_249' title='bbox 487 2307 641 2348; x_wconf 74' lang='lat' dir='ltr'>corolla</span> <span class='ocrx_word' id='word_1_250' title='bbox 669 2307 808 2348; x_wconf 77' lang='lat' dir='ltr'>media</span> <span class='ocrx_word' id='word_1_251' title='bbox 836 2307 945 2355; x_wconf 79' lang='lat' dir='ltr'>ale</span> <span class='ocrx_word' id='word_1_252' title='bbox 975 2306 1093 2358; x_wconf 90' lang='lat' dir='ltr'>stylis</span> <span class='ocrx_word' id='word_1_253' title='bbox 1121 2307 1162 2347; x_wconf 92' lang='lat' dir='ltr'>in</span> <span class='ocrx_word' id='word_1_254' title='bbox 1196 2306 1431 2346; x_wconf 89' lang='lat' dir='ltr'>columnam</span> <span class='ocrx_word' id='word_1_255' title='bbox 1464 2306 1703 2358; x_wconf 83' lang='lat' dir='ltr'>elongatam</span> <span class='ocrx_word' id='word_1_256' title='bbox 1736 2304 1891 2345; x_wconf 84' lang='lat' dir='ltr'>nudam</span> 
     </span>
     <span class='ocr_line' id='line_1_34' title="bbox 318 2357 1891 2411; baseline -0.003 -9"><span class='ocrx_word' id='word_1_257' title='bbox 318 2361 537 2409; x_wconf 85' lang='lat' dir='ltr'>concretis,</span> <span class='ocrx_word' id='word_1_258' title='bbox 560 2360 725 2401; x_wconf 88' lang='lat' dir='ltr'>urceolo</span> <span class='ocrx_word' id='word_1_259' title='bbox 752 2364 918 2400; x_wconf 83' lang='lat' dir='ltr'>maturo</span> <span class='ocrx_word' id='word_1_260' title='bbox 944 2359 1259 2411; x_wconf 83' lang='lat' dir='ltr'>ovato-globoso</span> <span class='ocrx_word' id='word_1_261' title='bbox 1285 2363 1609 2411; x_wconf 88' lang='lat' dir='ltr'>atro-purpureo</span> <span class='ocrx_word' id='word_1_262' title='bbox 1634 2370 1783 2411; x_wconf 90' lang='lat' dir='ltr'>parum</span> <span class='ocrx_word' id='word_1_263' title='bbox 1802 2357 1891 2410; x_wconf 83' lang='lat' dir='ltr'>pul-</span> 
     </span>
     <span class='ocr_line' id='line_1_35' title="bbox 318 2412 1352 2466; baseline -0.002 -12"><span class='ocrx_word' id='word_1_264' title='bbox 318 2426 416 2466; x_wconf 87' lang='lat' dir='ltr'>poso</span> <span class='ocrx_word' id='word_1_265' title='bbox 437 2414 589 2465; x_wconf 79' lang='lat' dir='ltr'>sepalis</span> <span class='ocrx_word' id='word_1_266' title='bbox 610 2412 772 2454; x_wconf 78' lang='lat' dir='ltr'>reflexis</span> <span class='ocrx_word' id='word_1_267' title='bbox 799 2425 893 2453; x_wconf 81' lang='lat' dir='ltr'>mox</span> <span class='ocrx_word' id='word_1_268' title='bbox 921 2412 1106 2453; x_wconf 82' lang='lat' dir='ltr'>deciduis</span> <span class='ocrx_word' id='word_1_269' title='bbox 1134 2412 1352 2452; x_wconf 85' lang='lat' dir='ltr'>destituto.</span> 
     </span>
    </p>
   </div>
   <div class='ocr_carea' id='block_1_9' title="bbox 327 2487 1890 2676">
    <p class='ocr_par' dir='ltr' id='par_1_11' title="bbox 327 2487 1890 2676">
     <span class='ocr_line' id='line_1_36' title="bbox 374 2487 1890 2533; baseline -0.003 -9"><span class='ocrx_word' id='word_1_270' title='bbox 374 2491 466 2525; x_wconf 83' lang='lat' dir='ltr'>Hal).</span> <span class='ocrx_word' id='word_1_271' title='bbox 501 2492 535 2524; x_wconf 91' lang='lat' dir='ltr'>in</span> <span class='ocrx_word' id='word_1_272' title='bbox 567 2491 714 2533; x_wconf 83' lang='lat' dir='ltr'>regione</span> <span class='ocrx_word' id='word_1_273' title='bbox 743 2490 904 2523; x_wconf 77' lang='lat' dir='ltr'>abietina</span> <span class='ocrx_word' id='word_1_274' title='bbox 938 2489 1099 2533; x_wconf 76' lang='lat' dir='ltr'>Graeciae‚</span> <span class='ocrx_word' id='word_1_275' title='bbox 1132 2489 1167 2522; x_wconf 93' lang='lat' dir='ltr'>in</span> <span class='ocrx_word' id='word_1_276' title='bbox 1195 2488 1376 2522; x_wconf 86' lang='lat' dir='ltr'>montibus</span> <span class='ocrx_word' id='word_1_277' title='bbox 1406 2488 1562 2532; x_wconf 90' lang='lat' dir='ltr'>Kyllene</span> <span class='ocrx_word' id='word_1_278' title='bbox 1592 2498 1706 2531; x_wconf 89' lang='lat' dir='ltr'>prope</span> <span class='ocrx_word' id='word_1_279' title='bbox 1738 2487 1890 2521; x_wconf 85' lang='lat' dir='ltr'>Trikala</span> 
     </span>
     <span class='ocr_line' id='line_1_37' title="bbox 329 2534 1889 2581; baseline -0.003 -9"><span class='ocrx_word' id='word_1_280' title='bbox 329 2538 468 2581; x_wconf 87' lang='lat' dir='ltr'>(Heldr.</span> <span class='ocrx_word' id='word_1_281' title='bbox 506 2540 595 2571; x_wconf 80' lang='lat'>2113</span> <span class='ocrx_word' id='word_1_282' title='bbox 632 2537 781 2571; x_wconf 84' lang='lat' dir='ltr'>robusta.</span> <span class='ocrx_word' id='word_1_283' title='bbox 813 2537 919 2571; x_wconf 85' lang='lat' dir='ltr'>valde</span> <span class='ocrx_word' id='word_1_284' title='bbox 955 2537 1192 2580; x_wconf 80' lang='lat' dir='ltr'>corymbosa),</span> <span class='ocrx_word' id='word_1_285' title='bbox 1228 2535 1372 2570; x_wconf 86' lang='lat' dir='ltr'>Malevo</span> <span class='ocrx_word' id='word_1_286' title='bbox 1405 2536 1574 2569; x_wconf 84' lang='lat' dir='ltr'>Laconiae</span> <span class='ocrx_word' id='word_1_287' title='bbox 1613 2545 1727 2578; x_wconf 88' lang='lat' dir='ltr'>prope</span> <span class='ocrx_word' id='word_1_288' title='bbox 1762 2534 1889 2577; x_wconf 83' lang='lat' dir='ltr'>Hajios</span> 
     </span>
     <span class='ocr_line' id='line_1_38' title="bbox 327 2581 1888 2676; baseline -0.003 -57"><span class='ocrx_word' id='word_1_289' title='bbox 327 2585 605 2676; x_wconf 35' lang='lat' dir='ltr'>{agrssseggernpsl}</span> <span class='ocrx_word' id='word_1_290' title='bbox 627 2586 729 2628; x_wconf 74' lang='lat'>3108,</span> <span class='ocrx_word' id='word_1_291' title='bbox 748 2586 815 2618; x_wconf 72' lang='lat'>684</span> <span class='ocrx_word' id='word_1_292' title='bbox 833 2584 1015 2628; x_wconf 80' lang='lat' dir='ltr'>glabrataJ</span> <span class='ocrx_word' id='word_1_293' title='bbox 1035 2591 1070 2618; x_wconf 85' lang='lat' dir='ltr'>et</span> <span class='ocrx_word' id='word_1_294' title='bbox 1092 2583 1276 2617; x_wconf 82' lang='lat' dir='ltr'>Korthiati</span> <span class='ocrx_word' id='word_1_295' title='bbox 1296 2583 1491 2627; x_wconf 89' lang='lat' dir='ltr'>(Dysaron)</span> <span class='ocrx_word' id='word_1_296' title='bbox 1513 2581 1737 2616; x_wconf 87' lang='lat' dir='ltr'>Macedoniae</span> <span class='ocrx_word' id='word_1_297' title='bbox 1760 2581 1888 2625; x_wconf 64' lang='lat' dir='ltr'>&lt;Orph.</span> 
     </span>
    </p>
   </div>
   <div class='ocr_carea' id='block_1_10' title="bbox 374 2694 1708 2739">
    <p class='ocr_par' dir='ltr' id='par_1_12' title="bbox 374 2694 1708 2739">
     <span class='ocr_line' id='line_1_39' title="bbox 374 2694 1708 2739; baseline -0.002 -9"><span class='ocrx_word' id='word_1_298' title='bbox 374 2696 442 2730; x_wconf 85' lang='lat' dir='ltr'>Ar.</span> <span class='ocrx_word' id='word_1_299' title='bbox 462 2696 604 2738; x_wconf 86' lang='lat' dir='ltr'>Geogr.</span> <span class='ocrx_word' id='word_1_300' title='bbox 622 2696 772 2739; x_wconf 84' lang='lat' dir='ltr'>Europa</span> <span class='ocrx_word' id='word_1_301' title='bbox 791 2695 910 2730; x_wconf 87' lang='lat' dir='ltr'>media</span> <span class='ocrx_word' id='word_1_302' title='bbox 931 2702 966 2729; x_wconf 89' lang='lat' dir='ltr'>et</span> <span class='ocrx_word' id='word_1_303' title='bbox 986 2696 1157 2730; x_wconf 86' lang='lat' dir='ltr'>australis</span> <span class='ocrx_word' id='word_1_304' title='bbox 1178 2695 1224 2729; x_wconf 88' lang='lat' dir='ltr'>ad</span> <span class='ocrx_word' id='word_1_305' title='bbox 1246 2695 1421 2730; x_wconf 85' lang='lat' dir='ltr'>Graeciam</span> <span class='ocrx_word' id='word_1_306' title='bbox 1442 2701 1477 2729; x_wconf 84' lang='lat' dir='ltr'>et</span> <span class='ocrx_word' id='word_1_307' title='bbox 1494 2694 1708 2728; x_wconf 88' lang='lat' dir='ltr'>Rumeliam.</span> 
     </span>
    </p>
   </div>
   <div class='ocr_carea' id='block_1_11' title="bbox 313 2827 1890 3039">
    <p class='ocr_par' dir='ltr' id='par_1_13' title="bbox 313 2827 1890 3039">
     <span class='ocr_line' id='line_1_40' title="bbox 368 2827 1890 2880; baseline -0.002 -11"><span class='ocrx_word' id='word_1_308' title='bbox 368 2833 434 2870; x_wconf 90' lang='lat'>44.</span> <span class='ocrx_word' id='word_1_309' title='bbox 469 2831 525 2869; x_wconf 88' lang='lat' dir='ltr'>R.</span> <span class='ocrx_word' id='word_1_310' title='bbox 549 2830 955 2880; x_wconf 81' lang='lat' dir='ltr'>sempervirens</span> <span class='ocrx_word' id='word_1_311' title='bbox 977 2828 1043 2880; x_wconf 93' lang='lat' dir='ltr'>(L.</span> <span class='ocrx_word' id='word_1_312' title='bbox 1068 2828 1139 2880; x_wconf 83' lang='lat' dir='ltr'>Sp.</span> <span class='ocrx_word' id='word_1_313' title='bbox 1166 2828 1261 2878; x_wconf 77' lang='lat'>704)</span> <span class='ocrx_word' id='word_1_314' title='bbox 1286 2827 1424 2868; x_wconf 85' lang='lat' dir='ltr'>frutex</span> <span class='ocrx_word' id='word_1_315' title='bbox 1444 2828 1593 2875; x_wconf 86' lang='lat' dir='ltr'>elatus,</span> <span class='ocrx_word' id='word_1_316' title='bbox 1622 2828 1747 2868; x_wconf 86' lang='lat' dir='ltr'>ramis</span> <span class='ocrx_word' id='word_1_317' title='bbox 1772 2837 1890 2867; x_wconf 79' lang='lat' dir='ltr'>scan-</span> 
     </span>
     <span class='ocr_line' id='line_1_41' title="bbox 314 2879 1889 2930; baseline -0.002 -8"><span class='ocrx_word' id='word_1_318' title='bbox 314 2882 511 2923; x_wconf 88' lang='lat' dir='ltr'>dentibus</span> <span class='ocrx_word' id='word_1_319' title='bbox 531 2882 795 2930; x_wconf 64' lang='lat' dir='ltr'>longissimis,</span> <span class='ocrx_word' id='word_1_320' title='bbox 818 2881 1178 2929; x_wconf 78' lang='lat' dir='ltr'>homoeacanthus,</span> <span class='ocrx_word' id='word_1_321' title='bbox 1203 2881 1356 2922; x_wconf 87' lang='lat' dir='ltr'>aculeis</span> <span class='ocrx_word' id='word_1_322' title='bbox 1371 2880 1518 2921; x_wconf 90' lang='lat' dir='ltr'>validis</span> <span class='ocrx_word' id='word_1_323' title='bbox 1533 2879 1712 2928; x_wconf 83' lang='lat' dir='ltr'>falcatis,</span> <span class='ocrx_word' id='word_1_324' title='bbox 1730 2890 1889 2919; x_wconf 88' lang='lat' dir='ltr'>macro-</span> 
     </span>
     <span class='ocr_line' id='line_1_42' title="bbox 343 2932 1889 2987; baseline -0.002 -12"><span class='ocrx_word' id='word_1_325' title='bbox 343 2935 494 2987; x_wconf 85' lang='lat' dir='ltr'>hyllus‚</span> <span class='ocrx_word' id='word_1_326' title='bbox 516 2934 663 2975; x_wconf 79' lang='lat' dir='ltr'>foliolis</span> <span class='ocrx_word' id='word_1_327' title='bbox 686 2939 751 2975; x_wconf 87' lang='grc'>5-7</span> <span class='ocrx_word' id='word_1_328' title='bbox 774 2935 1002 2975; x_wconf 76' lang='lat' dir='ltr'>laevissimis</span> <span class='ocrx_word' id='word_1_329' title='bbox 1023 2934 1416 2975; x_wconf 83' lang='lat' dir='ltr'>ovato-acuminatis</span> <span class='ocrx_word' id='word_1_330' title='bbox 1437 2933 1626 2984; x_wconf 77' lang='lat' dir='ltr'>rigiclulis</span> <span class='ocrx_word' id='word_1_331' title='bbox 1646 2932 1889 2985; x_wconf 85' lang='lat' dir='ltr'>pervirenti-</span> 
     </span>
     <span class='ocr_line' id='line_1_43' title="bbox 313 2948 1889 3039; baseline -0.003 -10"><span class='ocrx_word' id='word_1_332' title='bbox 313 2948 391 3029; x_wconf 55' lang='grc' dir='ltr'>ἕως</span> <span class='ocrx_word' id='word_1_333' title='bbox 421 2987 562 3028; x_wconf 85' lang='lat' dir='ltr'>nitidis</span> <span class='ocrx_word' id='word_1_334' title='bbox 586 2988 831 3039; x_wconf 80' lang='lat' dir='ltr'>simpliciter</span> <span class='ocrx_word' id='word_1_335' title='bbox 860 2987 1032 3028; x_wconf 84' lang='lat' dir='ltr'>serratis</span> <span class='ocrx_word' id='word_1_336' title='bbox 1065 2987 1259 3028; x_wconf 74' lang='lat' dir='ltr'>(lentibus</span> <span class='ocrx_word' id='word_1_337' title='bbox 1289 2987 1422 3028; x_wconf 83' lang='lat' dir='ltr'>acutis</span> <span class='ocrx_word' id='word_1_338' title='bbox 1448 2986 1644 3027; x_wconf 89' lang='lat' dir='ltr'>brevibus</span> <span class='ocrx_word' id='word_1_339' title='bbox 1671 2985 1889 3026; x_wconf 86' lang='lat' dir='ltr'>conniven-</span> 
     </span>
    </p>
   </div>
  </div>
 </body>
</html>
