2115 3250
212 229 343 263 Malva.
937 237 1152 261 MALVAGEAE.
1813 228 1874 263 131

210 572 280 606 Peg.

608 439 815 480 oRno
855 439 1014 479 XXI.
1057 439 1479 480 MALVACEAE

212 628 305 673 818,
338 625 517 664 Malva
539 625 764 673 Cretica,
788 624 895 665 adde
920 637 928 665 :

210 897 287 935 818

210 1211 300 1257 819,

211 1434 303 1480 821,

210 1703 300 1748 822,

209 1923 301 1968 823,

209 2188 301 2234 824,

207 2412 299 2458 824,

208 2631 300 2676 826,

208 2848 300 2894 826,

351 713 467 794 ιἙΙΙῖἓξᾸ).
485 724 521 804 bn
540 713 647 748 cultis
663 713 790 748 insulae
810 712 935 758 Hydra
954 713 1126 758 (Pichl.!),
1148 714 1193 748 ad
1215 725 1322 758 rupes
1344 715 1451 760 Cypri
1473 725 1584 759 supra
1611 716 1758 759 Belpais
1777 716 1880 760 (Sint.

329 770 347 794 e
418 770 491 804 lgo.
512 787 519 794 .

333 895 401 934 M.
422 894 689 946 AEqyptia,
713 893 821 935 adde
843 907 851 935 ε

375 981 467 1015 Hab.
488 982 523 1015 in
543 981 660 1016 insula
677 983 766 1026 Syra
782 982 959 1026 (Weiss!),
978 983 1096 1027 Cypro
1116 982 1219 1026 (Sint.
1241 988 1276 1018 et
1293 984 1384 1028 Rigo
1397 984 1431 1027 1),
1449 984 1610 1029 AEgypto
1628 986 1722 1020 inter
1739 990 1880 1030 segetes

327 1028 665 1118 ῗέωῗᾰεέιῶιὲυξὲἰρῧ
682 1029 942 1063 Alexandriam
962 1030 1147 1072 (Letourn.
1167 1032 1252 1074 341),
1270 1032 1305 1065 in
1320 1030 1463 1066 deserto
1481 1032 1555 1066 Ras
1573 1033 1605 1066 el
1624 1033 1694 1066 Ain
1714 1033 1879 1078 Mesopo-

334 1209 403 1249 M.
436 1209 752 1258 Nicaeensis,
772 1208 880 1250 adde
902 1221 910 1250 :

374 1297 467 1332 Hab.
489 1298 524 1332 in
540 1298 664 1333 Persia
681 1298 936 1334 austro-occid.
957 1298 1003 1334 ad
1018 1299 1216 1343 Kumaredj
1241 1299 1412 1344 (Haussk.
1424 1301 1458 1345 !).

335 1432 404 1473 M.
429 1431 670 1482 oxyloha‚
694 1431 802 1472 adde
824 1445 832 1473 ε

348 1521 467 1602 ιΙΙίἷεξᾸ).
484 1521 533 1611 gd
553 1521 739 1556 Beddaoui
759 1532 873 1566 prope
893 1522 1058 1566 Tripolin
1077 1523 1189 1567 Syriae
1210 1523 1322 1567 (Bm),
1340 1524 1376 1558 in
1391 1524 1508 1569 Cypro
1527 1524 1573 1558 ad
1589 1524 1762 1570 Kythraea
1778 1525 1881 1570 (Sint.

327 1578 346 1603 e
416 1579 490 1612 lgo.
509 1595 516 1602 .

334 1701 600 1741 Lavatera
623 1701 850 1750 Cretica,
873 1700 981 1742 adde
1003 1714 1011 1742 z

375 1788 468 1823 Hab.
487 1789 523 1823 in
543 1789 662 1824 insula
682 1790 800 1834 Cypro
821 1790 867 1824 ad
888 1789 1064 1835 Kythraea
1083 1790 1231 1835 (Sint.!).

335 1920 390 1960 L.
411 1919 724 1969 trimestris,
746 1919 855 1961 adde
877 1932 885 1960 :

326 2006 467 2097 (Bsz.
494 2007 530 2096 {51
552 2007 670 2041 insula
694 2006 824 2041 Rhodo
855 2007 900 2042 ad
929 2006 1082 2042 Bastida
1110 2007 1302 2052 (Bourg.!),
1330 2008 1526 2043 Palaestina
1547 2009 1593 2043 ad
1619 2009 1881 2046 Ptolemaidem

374 2065 414 2088 ar
444 2065 501 2098 ey.
521 2081 528 2087 .

334 2186 541 2226 Althaea
561 2185 791 2234 hirsuta,
815 2184 923 2226 adde
947 2198 955 2226 :

372 2274 465 2308 Hah.
486 2274 521 2308 in
541 2273 685 2308 deserto
705 2274 780 2308 Ras
798 2274 831 2308 el
852 2274 923 2308 Ain
943 2274 1216 2318 Mesopotamiae
1235 2274 1405 2317 (Haussk.
1418 2274 1451 2319 !).

332 2410 391 2449 A.
416 2408 702 2460 Ludwiqii,
724 2407 832 2449 adde
853 2421 861 2449 :

372 2494 465 2529 Hab.
486 2495 522 2529 in
542 2494 695 2529 Oasibus
714 2494 868 2538 AEgypti
888 2493 1116 2538 (Aschers.!).

333 2629 389 2668 A.
414 2628 693 2678 Kotschyi‚
716 2626 824 2668 adde
847 2640 855 2667 :

373 2715 466 2749 Hab.
487 2714 534 2749 ad
555 2715 788 2750 Bashlamieh
804 2715 935 2749 montis
952 2714 1083 2750 Amani
1096 2715 1207 2760 Syriae
1229 2714 1329 2759 (Post
1339 2715 1372 2759 l).

331 2845 492 2885 Alcea
514 2845 762 2894 Aucheri,
786 2844 894 2886 adde
916 2858 924 2886 :

371 2932 464 2966 Hab.
478 2932 514 2966 iu
531 2933 702 2967 montosis
721 2932 973 2967 humilioribus
992 2933 1126 2968 Persiae
1144 2933 1396 2968 austro-occid.
1418 2935 1556 2968 1·3000'
1572 2934 1668 2968 inter
1687 2934 1821 2978 Seytun
1839 2937 1878 2968 et

325 2979 497 3014 Bebehan
516 2978 684 3023 (Haussk.
696 2979 728 3022 !).
