<?xml version="1.0" encoding="UTF-8"?>
<!DOCTYPE html PUBLIC "-//W3C//DTD XHTML 1.0 Transitional//EN"
    "http://www.w3.org/TR/xhtml1/DTD/xhtml1-transitional.dtd">
<html xmlns="http://www.w3.org/1999/xhtml" xml:lang="en" lang="en">
 <head>
  <title>
</title>
<meta http-equiv="Content-Type" content="text/html;charset=utf-8" />
  <meta name='ocr-system' content='tesseract 3.04.00' />
  <meta name='ocr-capabilities' content='ocr_page ocr_carea ocr_par ocr_line ocrx_word'/>
</head>
<body>
  <div class='ocr_page' id='page_1' title='image "./floraorientaliss00bois/floraorientaliss00bois_0386.png"; bbox 0 0 2094 3351; ppageno 0'>
   <div class='ocr_carea' id='block_1_1' title="bbox 213 237 1889 351">
    <p class='ocr_par' dir='ltr' id='par_1_1' title="bbox 213 237 1889 351">
     <span class='ocr_line' id='line_1_1' title="bbox 216 237 1889 274; baseline 0.001 -1"><span class='ocrx_word' id='word_1_1' title='bbox 216 237 284 273; x_wconf 75' lang='lat'>344</span> <span class='ocrx_word' id='word_1_2' title='bbox 901 248 1207 273; x_wconf 70' lang='lat' dir='ltr'>SALVADORACEAE.</span> <span class='ocrx_word' id='word_1_3' title='bbox 1681 238 1872 274; x_wconf 80' lang='lat' dir='ltr'>Salvadora</span> <span class='ocrx_word' id='word_1_4' title='bbox 1882 268 1889 274; x_wconf 95' lang='lat'>.</span> 
     </span>
     <span class='ocr_line' id='line_1_2' title="bbox 213 318 282 351; baseline 0 -6"><span class='ocrx_word' id='word_1_5' title='bbox 213 318 282 351; x_wconf 67' lang='lat' dir='ltr'>Pug.</span> 
     </span>
    </p>
   </div>
   <div class='ocr_carea' id='block_1_2' title="bbox 322 369 1899 580">
    <p class='ocr_par' dir='ltr' id='par_1_2' title="bbox 322 369 1899 580">
     <span class='ocr_line' id='line_1_3' title="bbox 322 369 1897 424; baseline 0.001 -13"><span class='ocrx_word' id='word_1_6' title='bbox 322 369 526 411; x_wconf 85' lang='lat' dir='ltr'>fruticosa</span> <span class='ocrx_word' id='word_1_7' title='bbox 540 370 821 411; x_wconf 84' lang='lat' dir='ltr'>ramosissima</span> <span class='ocrx_word' id='word_1_8' title='bbox 846 375 993 412; x_wconf 83' lang='lat' dir='ltr'>trunco</span> <span class='ocrx_word' id='word_1_9' title='bbox 1011 371 1207 422; x_wconf 86' lang='lat' dir='ltr'>primario</span> <span class='ocrx_word' id='word_1_10' title='bbox 1234 371 1524 419; x_wconf 80' lang='lat' dir='ltr'>crassiusculo,</span> <span class='ocrx_word' id='word_1_11' title='bbox 1556 372 1682 412; x_wconf 84' lang='lat' dir='ltr'>ramis</span> <span class='ocrx_word' id='word_1_12' title='bbox 1708 372 1897 424; x_wconf 89' lang='lat' dir='ltr'>opposite</span> 
     </span>
     <span class='ocr_line' id='line_1_4' title="bbox 322 423 1899 475; baseline 0.001 -11"><span class='ocrx_word' id='word_1_13' title='bbox 322 423 560 472; x_wconf 86' lang='lat' dir='ltr'>ramulosis,</span> <span class='ocrx_word' id='word_1_14' title='bbox 582 423 689 464; x_wconf 87' lang='lat' dir='ltr'>foliis</span> <span class='ocrx_word' id='word_1_15' title='bbox 708 428 887 475; x_wconf 79' lang='lat' dir='ltr'>anguste</span> <span class='ocrx_word' id='word_1_16' title='bbox 909 423 1150 464; x_wconf 84' lang='lat' dir='ltr'>lanceolatis</span> <span class='ocrx_word' id='word_1_17' title='bbox 1173 424 1322 472; x_wconf 84' lang='lat' dir='ltr'>acutis,</span> <span class='ocrx_word' id='word_1_18' title='bbox 1345 424 1468 475; x_wconf 83' lang='lat' dir='ltr'>spicis</span> <span class='ocrx_word' id='word_1_19' title='bbox 1495 423 1690 465; x_wconf 90' lang='lat' dir='ltr'>brevibus</span> <span class='ocrx_word' id='word_1_20' title='bbox 1719 424 1899 465; x_wconf 82' lang='lat' dir='ltr'>axillari-</span> 
     </span>
     <span class='ocr_line' id='line_1_5' title="bbox 322 476 1898 569; baseline 0.001 -52"><span class='ocrx_word' id='word_1_21' title='bbox 322 476 400 517; x_wconf 87' lang='lat' dir='ltr'>bus</span> <span class='ocrx_word' id='word_1_22' title='bbox 428 481 471 517; x_wconf 89' lang='lat' dir='ltr'>et</span> <span class='ocrx_word' id='word_1_23' title='bbox 500 476 894 534; x_wconf 30' lang='lat' dir='ltr'>terminalibus-&#39;34</span> <span class='ocrx_word' id='word_1_24' title='bbox 928 477 1242 569; x_wconf 42' lang='lat' dir='ltr'>approximatis,</span> <span class='ocrx_word' id='word_1_25' title='bbox 1278 476 1432 517; x_wconf 75' lang='lat' dir='ltr'>corolla</span> <span class='ocrx_word' id='word_1_26' title='bbox 1463 476 1646 529; x_wconf 82' lang='lat' dir='ltr'>calycem</span> <span class='ocrx_word' id='word_1_27' title='bbox 1685 477 1750 517; x_wconf 87' lang='lat' dir='ltr'>vix</span> <span class='ocrx_word' id='word_1_28' title='bbox 1782 488 1898 518; x_wconf 84' lang='lat' dir='ltr'>exce-</span> 
     </span>
     <span class='ocr_line' id='line_1_6' title="bbox 325 528 1629 580; baseline 0.001 -11"><span class='ocrx_word' id='word_1_29' title='bbox 325 529 453 570; x_wconf 82' lang='lat' dir='ltr'>dente</span> <span class='ocrx_word' id='word_1_30' title='bbox 487 543 538 580; x_wconf 81' lang='lat'>5.</span> <span class='ocrx_word' id='word_1_31' title='bbox 563 529 606 571; x_wconf 85' lang='lat' dir='ltr'>S.</span> <span class='ocrx_word' id='word_1_32' title='bbox 631 528 811 570; x_wconf 72' lang='lat' dir='ltr'>Stockszz</span> <span class='ocrx_word' id='word_1_33' title='bbox 830 529 977 580; x_wconf 80' lang='lat' dir='ltr'>Wight</span> <span class='ocrx_word' id='word_1_34' title='bbox 1016 529 1057 569; x_wconf 91' lang='lat' dir='ltr'>ll.</span> <span class='ocrx_word' id='word_1_35' title='bbox 1081 529 1135 577; x_wconf 93' lang='lat' dir='ltr'>II,</span> <span class='ocrx_word' id='word_1_36' title='bbox 1159 532 1235 570; x_wconf 89' lang='lat'>229</span> <span class='ocrx_word' id='word_1_37' title='bbox 1257 534 1299 569; x_wconf 90' lang='lat' dir='ltr'>et</span> <span class='ocrx_word' id='word_1_38' title='bbox 1319 528 1376 569; x_wconf 81' lang='lat' dir='ltr'>Ie.</span> <span class='ocrx_word' id='word_1_39' title='bbox 1400 528 1488 569; x_wconf 90' lang='lat' dir='ltr'>tab.</span> <span class='ocrx_word' id='word_1_40' title='bbox 1515 532 1629 570; x_wconf 88' lang='lat'>1621.</span> 
     </span>
    </p>
   </div>
   <div class='ocr_carea' id='block_1_3' title="bbox 382 600 1896 709">
    <p class='ocr_par' dir='ltr' id='par_1_3' title="bbox 382 600 1896 709">
     <span class='ocr_line' id='line_1_7' title="bbox 382 600 1896 644; baseline -0.001 -9"><span class='ocrx_word' id='word_1_41' title='bbox 382 600 476 635; x_wconf 81' lang='lat' dir='ltr'>Hah.</span> <span class='ocrx_word' id='word_1_42' title='bbox 495 601 531 635; x_wconf 91' lang='lat' dir='ltr'>in</span> <span class='ocrx_word' id='word_1_43' title='bbox 546 600 767 644; x_wconf 84' lang='lat' dir='ltr'>planitiebus</span> <span class='ocrx_word' id='word_1_44' title='bbox 781 600 967 635; x_wconf 77' lang='lat' dir='ltr'>districtus</span> <span class='ocrx_word' id='word_1_45' title='bbox 983 601 1120 634; x_wconf 86' lang='lat' dir='ltr'>Kuram</span> <span class='ocrx_word' id='word_1_46' title='bbox 1137 600 1342 644; x_wconf 85' lang='lat' dir='ltr'>Affghaniae</span> <span class='ocrx_word' id='word_1_47' title='bbox 1357 600 1403 634; x_wconf 89' lang='lat' dir='ltr'>ad</span> <span class='ocrx_word' id='word_1_48' title='bbox 1418 601 1512 634; x_wconf 87' lang='lat' dir='ltr'>Thal</span> <span class='ocrx_word' id='word_1_49' title='bbox 1531 606 1566 635; x_wconf 85' lang='lat' dir='ltr'>et</span> <span class='ocrx_word' id='word_1_50' title='bbox 1586 600 1721 644; x_wconf 84' lang='lat' dir='ltr'>Chapri</span> <span class='ocrx_word' id='word_1_51' title='bbox 1735 601 1896 643; x_wconf 86' lang='lat' dir='ltr'>(Aitch.).</span> 
     </span>
     <span class='ocr_line' id='line_1_8' title="bbox 387 663 1872 709; baseline 0.001 -11"><span class='ocrx_word' id='word_1_52' title='bbox 387 664 455 698; x_wconf 85' lang='lat' dir='ltr'>Ar.</span> <span class='ocrx_word' id='word_1_53' title='bbox 478 663 621 707; x_wconf 84' lang='lat' dir='ltr'>Geogr.</span> <span class='ocrx_word' id='word_1_54' title='bbox 641 665 778 700; x_wconf 88' lang='lat' dir='ltr'>Arabia</span> <span class='ocrx_word' id='word_1_55' title='bbox 799 665 887 700; x_wconf 84' lang='lat' dir='ltr'>felix</span> <span class='ocrx_word' id='word_1_56' title='bbox 908 675 1023 709; x_wconf 84' lang='lat' dir='ltr'>prope</span> <span class='ocrx_word' id='word_1_57' title='bbox 1042 665 1156 708; x_wconf 80' lang='lat' dir='ltr'>Aden,</span> <span class='ocrx_word' id='word_1_58' title='bbox 1178 665 1332 699; x_wconf 84' lang='lat' dir='ltr'>ditiones</span> <span class='ocrx_word' id='word_1_59' title='bbox 1353 664 1520 708; x_wconf 85' lang='lat' dir='ltr'>Pundjab</span> <span class='ocrx_word' id='word_1_60' title='bbox 1542 670 1577 699; x_wconf 82' lang='lat' dir='ltr'>et</span> <span class='ocrx_word' id='word_1_61' title='bbox 1601 665 1729 700; x_wconf 88' lang='lat' dir='ltr'>Scinde</span> <span class='ocrx_word' id='word_1_62' title='bbox 1750 665 1872 699; x_wconf 70' lang='lat' dir='ltr'>Indize.</span> 
     </span>
    </p>
   </div>
   <div class='ocr_carea' id='block_1_4' title="bbox 497 885 1618 926">
    <p class='ocr_par' dir='ltr' id='par_1_4' title="bbox 497 885 1618 926">
     <span class='ocr_line' id='line_1_9' title="bbox 497 885 1618 926; baseline -0.002 0"><span class='ocrx_word' id='word_1_63' title='bbox 497 886 705 926; x_wconf 65' lang='lat' dir='ltr'>0131)ss</span> <span class='ocrx_word' id='word_1_64' title='bbox 757 886 1021 925; x_wconf 71' lang='lat' dir='ltr'>LXXIX.</span> <span class='ocrx_word' id='word_1_65' title='bbox 1077 885 1618 925; x_wconf 72' lang='lat' dir='ltr'>ASCLEPIADEAE</span> 
     </span>
    </p>
   </div>
   <div class='ocr_carea' id='block_1_5' title="bbox 245 1075 1732 1210">
    <p class='ocr_par' dir='ltr' id='par_1_5' title="bbox 245 1075 1732 1210">
     <span class='ocr_line' id='line_1_10' title="bbox 245 1075 1047 1128; baseline -0.002 -10"><span class='ocrx_word' id='word_1_66' title='bbox 245 1080 310 1125; x_wconf 85' lang='lat'>50,</span> <span class='ocrx_word' id='word_1_67' title='bbox 342 1077 625 1128; x_wconf 84' lang='lat' dir='ltr'>Periploca</span> <span class='ocrx_word' id='word_1_68' title='bbox 647 1076 884 1128; x_wconf 63' lang='lat' dir='ltr'>gracilis,</span> <span class='ocrx_word' id='word_1_69' title='bbox 908 1075 1017 1116; x_wconf 84' lang='lat' dir='ltr'>adde</span> <span class='ocrx_word' id='word_1_70' title='bbox 1039 1088 1047 1115; x_wconf 92' lang='lat'>:</span> 
     </span>
     <span class='ocr_line' id='line_1_11' title="bbox 385 1163 1732 1210; baseline -0.001 -11"><span class='ocrx_word' id='word_1_71' title='bbox 385 1165 479 1200; x_wconf 89' lang='lat' dir='ltr'>Hab.</span> <span class='ocrx_word' id='word_1_72' title='bbox 501 1165 547 1200; x_wconf 87' lang='lat' dir='ltr'>ad</span> <span class='ocrx_word' id='word_1_73' title='bbox 567 1176 671 1209; x_wconf 86' lang='lat' dir='ltr'>sepes</span> <span class='ocrx_word' id='word_1_74' title='bbox 692 1166 802 1210; x_wconf 79' lang='lat' dir='ltr'>Cypri</span> <span class='ocrx_word' id='word_1_75' title='bbox 822 1165 917 1199; x_wconf 88' lang='lat' dir='ltr'>inter</span> <span class='ocrx_word' id='word_1_76' title='bbox 938 1163 1096 1199; x_wconf 91' lang='lat' dir='ltr'>Omodos</span> <span class='ocrx_word' id='word_1_77' title='bbox 1117 1169 1152 1198; x_wconf 89' lang='lat' dir='ltr'>et</span> <span class='ocrx_word' id='word_1_78' title='bbox 1173 1164 1283 1198; x_wconf 88' lang='lat' dir='ltr'>Paleo</span> <span class='ocrx_word' id='word_1_79' title='bbox 1303 1163 1392 1197; x_wconf 89' lang='lat' dir='ltr'>Milo</span> <span class='ocrx_word' id='word_1_80' title='bbox 1414 1164 1517 1200; x_wconf 82' lang='lat' dir='ltr'>(Sint.</span> <span class='ocrx_word' id='word_1_81' title='bbox 1537 1170 1572 1198; x_wconf 85' lang='lat' dir='ltr'>et</span> <span class='ocrx_word' id='word_1_82' title='bbox 1593 1164 1732 1207; x_wconf 74' lang='lat' dir='ltr'>Rig02).</span> 
     </span>
    </p>
   </div>
   <div class='ocr_carea' id='block_1_6' title="bbox 247 1298 1011 1352">
    <p class='ocr_par' dir='ltr' id='par_1_6' title="bbox 247 1298 1011 1352">
     <span class='ocr_line' id='line_1_12' title="bbox 247 1298 1011 1352; baseline -0.004 -11"><span class='ocrx_word' id='word_1_83' title='bbox 247 1303 312 1348; x_wconf 88' lang='lat'>51,</span> <span class='ocrx_word' id='word_1_84' title='bbox 344 1303 439 1352; x_wconf 91' lang='lat' dir='ltr'>post</span> <span class='ocrx_word' id='word_1_85' title='bbox 465 1300 524 1338; x_wconf 91' lang='lat' dir='ltr'>P.</span> <span class='ocrx_word' id='word_1_86' title='bbox 548 1299 824 1350; x_wconf 81' lang='lat' dir='ltr'>aphyllam</span> <span class='ocrx_word' id='word_1_87' title='bbox 845 1298 982 1338; x_wconf 85' lang='lat' dir='ltr'>insere</span> <span class='ocrx_word' id='word_1_88' title='bbox 1004 1310 1011 1337; x_wconf 94' lang='lat'>:</span> 
     </span>
    </p>
   </div>
   <div class='ocr_carea' id='block_1_7' title="bbox 324 1383 1905 1703">
    <p class='ocr_par' dir='ltr' id='par_1_7' title="bbox 324 1383 1905 1703">
     <span class='ocr_line' id='line_1_13' title="bbox 385 1383 1901 1437; baseline -0.001 -11"><span class='ocrx_word' id='word_1_89' title='bbox 385 1387 443 1426; x_wconf 92' lang='lat' dir='ltr'>P.</span> <span class='ocrx_word' id='word_1_90' title='bbox 470 1385 803 1437; x_wconf 81' lang='lat' dir='ltr'>Hydaspidis</span> <span class='ocrx_word' id='word_1_91' title='bbox 831 1384 964 1434; x_wconf 83' lang='lat' dir='ltr'>(Fale.</span> <span class='ocrx_word' id='word_1_92' title='bbox 994 1386 1036 1424; x_wconf 91' lang='lat' dir='ltr'>in</span> <span class='ocrx_word' id='word_1_93' title='bbox 1057 1384 1165 1424; x_wconf 92' lang='lat' dir='ltr'>Ann.</span> <span class='ocrx_word' id='word_1_94' title='bbox 1187 1383 1288 1424; x_wconf 83' lang='lat' dir='ltr'>Nat.</span> <span class='ocrx_word' id='word_1_95' title='bbox 1316 1384 1427 1424; x_wconf 91' lang='lat' dir='ltr'>Hist.</span> <span class='ocrx_word' id='word_1_96' title='bbox 1453 1383 1565 1431; x_wconf 87' lang='lat' dir='ltr'>VIII,</span> <span class='ocrx_word' id='word_1_97' title='bbox 1588 1397 1629 1436; x_wconf 91' lang='lat' dir='ltr'>p.</span> <span class='ocrx_word' id='word_1_98' title='bbox 1651 1387 1744 1425; x_wconf 84' lang='lat'>449.</span> <span class='ocrx_word' id='word_1_99' title='bbox 1767 1407 1819 1412; x_wconf 90' lang='lat'>—</span> <span class='ocrx_word' id='word_1_100' title='bbox 1838 1383 1901 1424; x_wconf 90' lang='lat' dir='ltr'>Fl.</span> 
     </span>
     <span class='ocr_line' id='line_1_14' title="bbox 326 1436 1905 1490; baseline -0.002 -10"><span class='ocrx_word' id='word_1_101' title='bbox 326 1440 435 1480; x_wconf 86' lang='lat' dir='ltr'>Brit.</span> <span class='ocrx_word' id='word_1_102' title='bbox 455 1439 548 1480; x_wconf 87' lang='lat' dir='ltr'>Ind.</span> <span class='ocrx_word' id='word_1_103' title='bbox 565 1438 638 1487; x_wconf 92' lang='lat' dir='ltr'>IV,</span> <span class='ocrx_word' id='word_1_104' title='bbox 655 1451 697 1490; x_wconf 91' lang='lat' dir='ltr'>p.</span> <span class='ocrx_word' id='word_1_105' title='bbox 724 1438 790 1490; x_wconf 90' lang='lat'>12)</span> <span class='ocrx_word' id='word_1_106' title='bbox 813 1438 961 1490; x_wconf 84' lang='lat' dir='ltr'>glabra</span> <span class='ocrx_word' id='word_1_107' title='bbox 975 1437 1302 1485; x_wconf 83' lang='lat' dir='ltr'>semiseandens,</span> <span class='ocrx_word' id='word_1_108' title='bbox 1320 1437 1446 1477; x_wconf 83' lang='lat' dir='ltr'>ramis</span> <span class='ocrx_word' id='word_1_109' title='bbox 1463 1436 1716 1478; x_wconf 83' lang='lat' dir='ltr'>fasciculatis</span> <span class='ocrx_word' id='word_1_110' title='bbox 1731 1436 1905 1477; x_wconf 89' lang='lat' dir='ltr'>nodoso-</span> 
     </span>
     <span class='ocr_line' id='line_1_15' title="bbox 326 1489 1905 1542; baseline -0.002 -9"><span class='ocrx_word' id='word_1_111' title='bbox 326 1492 578 1541; x_wconf 81' lang='lat' dir='ltr'>articulatis,</span> <span class='ocrx_word' id='word_1_112' title='bbox 601 1490 708 1532; x_wconf 89' lang='lat' dir='ltr'>foliis</span> <span class='ocrx_word' id='word_1_113' title='bbox 730 1490 1016 1532; x_wconf 81' lang='lat' dir='ltr'>caducissimis</span> <span class='ocrx_word' id='word_1_114' title='bbox 1036 1490 1209 1531; x_wconf 89' lang='lat' dir='ltr'>remotis</span> <span class='ocrx_word' id='word_1_115' title='bbox 1236 1489 1445 1542; x_wconf 85' lang='lat' dir='ltr'>adpressis</span> <span class='ocrx_word' id='word_1_116' title='bbox 1468 1490 1652 1530; x_wconf 83' lang='lat' dir='ltr'>tenuiter</span> <span class='ocrx_word' id='word_1_117' title='bbox 1677 1489 1905 1530; x_wconf 85' lang='lat' dir='ltr'>linearibus</span> 
     </span>
     <span class='ocr_line' id='line_1_16' title="bbox 324 1542 1905 1597; baseline -0.003 -11"><span class='ocrx_word' id='word_1_118' title='bbox 324 1545 557 1593; x_wconf 82' lang='lat' dir='ltr'>subacutis,</span> <span class='ocrx_word' id='word_1_119' title='bbox 581 1545 711 1597; x_wconf 83' lang='lat' dir='ltr'>eymis</span> <span class='ocrx_word' id='word_1_120' title='bbox 732 1543 975 1585; x_wconf 87' lang='lat' dir='ltr'>axillaribus</span> <span class='ocrx_word' id='word_1_121' title='bbox 1000 1542 1254 1589; x_wconf 78' lang='lat' dir='ltr'>multffioris,</span> <span class='ocrx_word' id='word_1_122' title='bbox 1277 1542 1448 1584; x_wconf 87' lang='lat' dir='ltr'>floribus</span> <span class='ocrx_word' id='word_1_123' title='bbox 1473 1543 1660 1584; x_wconf 84' lang='lat' dir='ltr'>breviter</span> <span class='ocrx_word' id='word_1_124' title='bbox 1684 1542 1905 1594; x_wconf 80' lang='lat' dir='ltr'>pedicella-</span> 
     </span>
     <span class='ocr_line' id='line_1_17' title="bbox 327 1595 1904 1651; baseline -0.002 -12"><span class='ocrx_word' id='word_1_125' title='bbox 327 1599 395 1646; x_wconf 87' lang='lat' dir='ltr'>tis,</span> <span class='ocrx_word' id='word_1_126' title='bbox 420 1598 572 1651; x_wconf 83' lang='lat' dir='ltr'>ealyeis</span> <span class='ocrx_word' id='word_1_127' title='bbox 591 1597 727 1650; x_wconf 84' lang='lat' dir='ltr'>glabri</span> <span class='ocrx_word' id='word_1_128' title='bbox 747 1597 908 1638; x_wconf 78' lang='lat' dir='ltr'>laciniis</span> <span class='ocrx_word' id='word_1_129' title='bbox 929 1597 1078 1642; x_wconf 84' lang='lat' dir='ltr'>ovatis,</span> <span class='ocrx_word' id='word_1_130' title='bbox 1102 1596 1266 1637; x_wconf 80' lang='lat' dir='ltr'>eorollae</span> <span class='ocrx_word' id='word_1_131' title='bbox 1293 1608 1431 1637; x_wconf 76' lang='lat' dir='ltr'>aureae</span> <span class='ocrx_word' id='word_1_132' title='bbox 1459 1595 1562 1636; x_wconf 92' lang='lat' dir='ltr'>lobis</span> <span class='ocrx_word' id='word_1_133' title='bbox 1583 1595 1771 1647; x_wconf 79' lang='lat' dir='ltr'>oblongis</span> <span class='ocrx_word' id='word_1_134' title='bbox 1791 1596 1904 1636; x_wconf 87' lang='lat' dir='ltr'>intus</span> 
     </span>
     <span class='ocr_line' id='line_1_18' title="bbox 326 1649 1442 1703; baseline -0.003 -11"><span class='ocrx_word' id='word_1_135' title='bbox 326 1651 497 1700; x_wconf 83' lang='lat' dir='ltr'>villosis,</span> <span class='ocrx_word' id='word_1_136' title='bbox 520 1651 707 1703; x_wconf 87' lang='lat' dir='ltr'>squamis</span> <span class='ocrx_word' id='word_1_137' title='bbox 727 1650 936 1692; x_wconf 83' lang='lat' dir='ltr'>corollinis</span> <span class='ocrx_word' id='word_1_138' title='bbox 957 1649 1164 1691; x_wconf 86' lang='lat' dir='ltr'>subulatis</span> <span class='ocrx_word' id='word_1_139' title='bbox 1183 1649 1357 1690; x_wconf 85' lang='lat' dir='ltr'>hirsutis</span> <span class='ocrx_word' id='word_1_140' title='bbox 1389 1650 1416 1700; x_wconf 62' lang='lat'><strong>3</strong></span> <span class='ocrx_word' id='word_1_141' title='bbox 1434 1681 1442 1689; x_wconf 94' lang='lat'>.</span> 
     </span>
    </p>
   </div>
   <div class='ocr_carea' id='block_1_8' title="bbox 338 1719 1904 1813">
    <p class='ocr_par' dir='ltr' id='par_1_8' title="bbox 338 1719 1904 1813">
     <span class='ocr_line' id='line_1_19' title="bbox 338 1719 1904 1813; baseline -0.002 -57"><span class='ocrx_word' id='word_1_142' title='bbox 338 1721 549 1813; x_wconf 39' lang='grc' dir='ltr'>(ΝΗαῦ..Ξι()1</span> <span class='ocrx_word' id='word_1_143' title='bbox 566 1722 723 1756; x_wconf 86' lang='lat' dir='ltr'>Jelamai</span> <span class='ocrx_word' id='word_1_144' title='bbox 743 1732 859 1766; x_wconf 88' lang='lat' dir='ltr'>prope</span> <span class='ocrx_word' id='word_1_145' title='bbox 880 1721 1018 1755; x_wconf 89' lang='lat' dir='ltr'>Shinak</span> <span class='ocrx_word' id='word_1_146' title='bbox 1036 1721 1143 1755; x_wconf 86' lang='lat' dir='ltr'>vallis</span> <span class='ocrx_word' id='word_1_147' title='bbox 1164 1720 1301 1754; x_wconf 89' lang='lat' dir='ltr'>Kuram</span> <span class='ocrx_word' id='word_1_148' title='bbox 1322 1719 1526 1764; x_wconf 87' lang='lat' dir='ltr'>Affghaniae</span> <span class='ocrx_word' id='word_1_149' title='bbox 1545 1719 1648 1754; x_wconf 69' lang='lat'>3800‘</span> <span class='ocrx_word' id='word_1_150' title='bbox 1665 1719 1800 1760; x_wconf 83' lang='lat' dir='ltr'>(Aitch.</span> <span class='ocrx_word' id='word_1_151' title='bbox 1822 1720 1904 1763; x_wconf 87' lang='lat'>550)</span> 
     </span>
     <span class='ocr_line' id='line_1_20' title="bbox 389 1780 556 1804; baseline 0.006 -1"><span class='ocrx_word' id='word_1_152' title='bbox 389 1780 434 1803; x_wconf 89' lang='lat' dir='ltr'>on</span> <span class='ocrx_word' id='word_1_153' title='bbox 455 1781 488 1803; x_wconf 81' lang='lat' dir='ltr'>Vl</span> <span class='ocrx_word' id='word_1_154' title='bbox 518 1781 528 1803; x_wconf 87' lang='lat'>1</span> <span class='ocrx_word' id='word_1_155' title='bbox 549 1798 556 1804; x_wconf 88' lang='lat'>.</span> 
     </span>
    </p>
   </div>
   <div class='ocr_carea' id='block_1_9' title="bbox 387 1832 1242 1941">
    <p class='ocr_par' dir='ltr' id='par_1_9' title="bbox 387 1832 1242 1941">
     <span class='ocr_line' id='line_1_21' title="bbox 387 1832 1242 1878; baseline -0.002 -10"><span class='ocrx_word' id='word_1_156' title='bbox 387 1835 498 1868; x_wconf 87' lang='lat' dir='ltr'>Facie</span> <span class='ocrx_word' id='word_1_157' title='bbox 518 1833 701 1868; x_wconf 84' lang='lat' dir='ltr'>simillima</span> <span class='ocrx_word' id='word_1_158' title='bbox 720 1833 903 1878; x_wconf 79' lang='lat' dir='ltr'>Ephedrae</span> <span class='ocrx_word' id='word_1_159' title='bbox 922 1833 1056 1867; x_wconf 79' lang='lat' dir='ltr'>ciliatae</span> <span class='ocrx_word' id='word_1_160' title='bbox 1076 1833 1116 1867; x_wconf 90' lang='lat' dir='ltr'>F.</span> <span class='ocrx_word' id='word_1_161' title='bbox 1138 1837 1174 1867; x_wconf 83' lang='lat' dir='ltr'>et</span> <span class='ocrx_word' id='word_1_162' title='bbox 1193 1832 1242 1866; x_wconf 91' lang='lat' dir='ltr'>M.</span> 
     </span>
     <span class='ocr_line' id='line_1_22' title="bbox 387 1895 1242 1941; baseline -0.002 -10"><span class='ocrx_word' id='word_1_163' title='bbox 387 1897 455 1931; x_wconf 87' lang='lat' dir='ltr'>Ar.</span> <span class='ocrx_word' id='word_1_164' title='bbox 478 1897 620 1940; x_wconf 81' lang='lat' dir='ltr'>Googr.</span> <span class='ocrx_word' id='word_1_165' title='bbox 641 1897 756 1941; x_wconf 86' lang='lat' dir='ltr'>Regio</span> <span class='ocrx_word' id='word_1_166' title='bbox 772 1897 978 1931; x_wconf 87' lang='lat' dir='ltr'>Himalaiea</span> <span class='ocrx_word' id='word_1_167' title='bbox 996 1895 1242 1931; x_wconf 86' lang='lat' dir='ltr'>occidentalis.</span> 
     </span>
    </p>
   </div>
   <div class='ocr_carea' id='block_1_10' title="bbox 249 2028 1380 2082">
    <p class='ocr_par' dir='ltr' id='par_1_10' title="bbox 249 2028 1380 2082">
     <span class='ocr_line' id='line_1_23' title="bbox 249 2028 1380 2082; baseline -0.004 -10"><span class='ocrx_word' id='word_1_168' title='bbox 249 2033 315 2079; x_wconf 88' lang='lat'>52,</span> <span class='ocrx_word' id='word_1_169' title='bbox 345 2035 441 2082; x_wconf 87' lang='lat' dir='ltr'>post</span> <span class='ocrx_word' id='word_1_170' title='bbox 459 2029 875 2070; x_wconf 86' lang='lat' dir='ltr'>Vincetoxicum</span> <span class='ocrx_word' id='word_1_171' title='bbox 895 2039 1193 2069; x_wconf 83' lang='lat' dir='ltr'>canescens</span> <span class='ocrx_word' id='word_1_172' title='bbox 1213 2028 1350 2068; x_wconf 87' lang='lat' dir='ltr'>insere</span> <span class='ocrx_word' id='word_1_173' title='bbox 1373 2040 1380 2068; x_wconf 94' lang='lat'><strong>:</strong></span> 
     </span>
    </p>
   </div>
   <div class='ocr_carea' id='block_1_11' title="bbox 328 2113 1908 2382">
    <p class='ocr_par' dir='ltr' id='par_1_11' title="bbox 328 2113 1908 2382">
     <span class='ocr_line' id='line_1_24' title="bbox 382 2113 1904 2170; baseline -0.003 -12"><span class='ocrx_word' id='word_1_174' title='bbox 382 2119 443 2159; x_wconf 86' lang='lat' dir='ltr'>V.</span> <span class='ocrx_word' id='word_1_175' title='bbox 467 2119 722 2170; x_wconf 70' lang='lat' dir='ltr'>glaucum</span> <span class='ocrx_word' id='word_1_176' title='bbox 739 2116 883 2169; x_wconf 89' lang='lat' dir='ltr'>(Wall.</span> <span class='ocrx_word' id='word_1_177' title='bbox 901 2117 942 2157; x_wconf 90' lang='lat' dir='ltr'>in</span> <span class='ocrx_word' id='word_1_178' title='bbox 958 2116 1105 2168; x_wconf 78' lang='lat' dir='ltr'>Wight</span> <span class='ocrx_word' id='word_1_179' title='bbox 1119 2115 1310 2157; x_wconf 88' lang='lat' dir='ltr'>Contrib.</span> <span class='ocrx_word' id='word_1_180' title='bbox 1330 2115 1413 2167; x_wconf 85' lang='lat'>58).</span> <span class='ocrx_word' id='word_1_181' title='bbox 1430 2138 1482 2143; x_wconf 93' lang='lat'>—</span> <span class='ocrx_word' id='word_1_182' title='bbox 1497 2114 1544 2155; x_wconf 90' lang='lat' dir='ltr'>In</span> <span class='ocrx_word' id='word_1_183' title='bbox 1563 2113 1699 2154; x_wconf 90' lang='lat' dir='ltr'>Hook.</span> <span class='ocrx_word' id='word_1_184' title='bbox 1718 2113 1780 2154; x_wconf 86' lang='lat' dir='ltr'>Fl.</span> <span class='ocrx_word' id='word_1_185' title='bbox 1798 2113 1904 2154; x_wconf 86' lang='lat' dir='ltr'>Brit.</span> 
     </span>
     <span class='ocr_line' id='line_1_25' title="bbox 328 2166 1908 2222; baseline -0.004 -9"><span class='ocrx_word' id='word_1_186' title='bbox 328 2171 422 2213; x_wconf 90' lang='lat' dir='ltr'>Ind.</span> <span class='ocrx_word' id='word_1_187' title='bbox 460 2182 555 2212; x_wconf 82' lang='lat' dir='ltr'>cum</span> <span class='ocrx_word' id='word_1_188' title='bbox 595 2170 641 2211; x_wconf 93' lang='lat' dir='ltr'>V.</span> <span class='ocrx_word' id='word_1_189' title='bbox 672 2171 910 2212; x_wconf 71' lang='lat' dir='ltr'>canescente</span> <span class='ocrx_word' id='word_1_190' title='bbox 931 2169 1200 2222; x_wconf 81' lang='lat' dir='ltr'>conjunctum</span> <span class='ocrx_word' id='word_1_191' title='bbox 1227 2181 1250 2209; x_wconf 90' lang='lat' dir='ltr'>a</span> <span class='ocrx_word' id='word_1_192' title='bbox 1283 2180 1363 2220; x_wconf 93' lang='lat' dir='ltr'>quo</span> <span class='ocrx_word' id='word_1_193' title='bbox 1389 2167 1531 2208; x_wconf 85' lang='lat' dir='ltr'>differt</span> <span class='ocrx_word' id='word_1_194' title='bbox 1556 2166 1663 2208; x_wconf 84' lang='lat' dir='ltr'>foliis</span> <span class='ocrx_word' id='word_1_195' title='bbox 1695 2167 1908 2218; x_wconf 80' lang='lat' dir='ltr'>angustio-</span> 
     </span>
     <span class='ocr_line' id='line_1_26' title="bbox 328 2219 1907 2276; baseline -0.003 -11"><span class='ocrx_word' id='word_1_196' title='bbox 328 2225 460 2273; x_wconf 91' lang='lat' dir='ltr'>ribus,</span> <span class='ocrx_word' id='word_1_197' title='bbox 493 2224 686 2265; x_wconf 91' lang='lat' dir='ltr'>umbellis</span> <span class='ocrx_word' id='word_1_198' title='bbox 711 2223 964 2276; x_wconf 83' lang='lat' dir='ltr'>paueifloris‚</span> <span class='ocrx_word' id='word_1_199' title='bbox 997 2223 1161 2263; x_wconf 86' lang='lat' dir='ltr'>corollae</span> <span class='ocrx_word' id='word_1_200' title='bbox 1193 2222 1364 2262; x_wconf 88' lang='lat' dir='ltr'>minoris</span> <span class='ocrx_word' id='word_1_201' title='bbox 1396 2221 1501 2262; x_wconf 91' lang='lat' dir='ltr'>lobis</span> <span class='ocrx_word' id='word_1_202' title='bbox 1535 2220 1684 2261; x_wconf 85' lang='lat' dir='ltr'>ovatis.</span> <span class='ocrx_word' id='word_1_203' title='bbox 1718 2219 1907 2262; x_wconf 83' lang='lat' dir='ltr'>Ulterius</span> 
     </span>
     <span class='ocr_line' id='line_1_27' title="bbox 329 2271 1905 2329; baseline -0.003 -11"><span class='ocrx_word' id='word_1_204' title='bbox 329 2277 654 2318; x_wconf 83' lang='lat' dir='ltr'>observandum.</span> <span class='ocrx_word' id='word_1_205' title='bbox 677 2300 730 2305; x_wconf 91' lang='lat'><em>-</em></span> <span class='ocrx_word' id='word_1_206' title='bbox 755 2276 801 2317; x_wconf 88' lang='lat' dir='ltr'>V.</span> <span class='ocrx_word' id='word_1_207' title='bbox 818 2275 1109 2329; x_wconf 70' lang='lat' dir='ltr'>parviflorum</span> <span class='ocrx_word' id='word_1_208' title='bbox 1129 2287 1217 2316; x_wconf 88' lang='lat' dir='ltr'>var.</span> <span class='ocrx_word' id='word_1_209' title='bbox 1239 2274 1380 2315; x_wconf 81' lang='lat' dir='ltr'>Aiteh.</span> <span class='ocrx_word' id='word_1_210' title='bbox 1401 2274 1443 2315; x_wconf 90' lang='lat' dir='ltr'>in</span> <span class='ocrx_word' id='word_1_211' title='bbox 1473 2273 1621 2315; x_wconf 85' lang='lat' dir='ltr'>Journ.</span> <span class='ocrx_word' id='word_1_212' title='bbox 1654 2272 1776 2313; x_wconf 84' lang='lat' dir='ltr'>Liun.</span> <span class='ocrx_word' id='word_1_213' title='bbox 1812 2271 1905 2313; x_wconf 87' lang='lat' dir='ltr'>Soc.</span> 
     </span>
     <span class='ocr_line' id='line_1_28' title="bbox 330 2330 971 2382; baseline -0.003 -11"><span class='ocrx_word' id='word_1_214' title='bbox 330 2330 445 2379; x_wconf 90' lang='lat' dir='ltr'>XIX,</span> <span class='ocrx_word' id='word_1_215' title='bbox 468 2343 509 2382; x_wconf 92' lang='lat' dir='ltr'>p.</span> <span class='ocrx_word' id='word_1_216' title='bbox 536 2333 625 2379; x_wconf 85' lang='lat'>176,</span> <span class='ocrx_word' id='word_1_217' title='bbox 649 2341 731 2371; x_wconf 90' lang='lat' dir='ltr'>non</span> <span class='ocrx_word' id='word_1_218' title='bbox 752 2330 971 2371; x_wconf 85' lang='lat' dir='ltr'>Decaisne.</span> 
     </span>
    </p>
   </div>
   <div class='ocr_carea' id='block_1_12' title="bbox 389 2395 1883 2442">
    <p class='ocr_par' dir='ltr' id='par_1_12' title="bbox 389 2395 1883 2442">
     <span class='ocr_line' id='line_1_29' title="bbox 389 2395 1883 2442; baseline -0.004 -7"><span class='ocrx_word' id='word_1_219' title='bbox 389 2400 482 2435; x_wconf 85' lang='lat' dir='ltr'>Hab.</span> <span class='ocrx_word' id='word_1_220' title='bbox 505 2401 541 2435; x_wconf 89' lang='lat' dir='ltr'>in</span> <span class='ocrx_word' id='word_1_221' title='bbox 563 2400 759 2435; x_wconf 87' lang='lat' dir='ltr'>ditionibus</span> <span class='ocrx_word' id='word_1_222' title='bbox 780 2400 917 2434; x_wconf 88' lang='lat' dir='ltr'>Kuram</span> <span class='ocrx_word' id='word_1_223' title='bbox 939 2404 974 2434; x_wconf 87' lang='lat' dir='ltr'>et</span> <span class='ocrx_word' id='word_1_224' title='bbox 993 2398 1133 2433; x_wconf 87' lang='lat' dir='ltr'>Hariab</span> <span class='ocrx_word' id='word_1_225' title='bbox 1155 2397 1360 2442; x_wconf 83' lang='lat' dir='ltr'>Affghaniae</span> <span class='ocrx_word' id='word_1_226' title='bbox 1382 2399 1595 2432; x_wconf 82' lang='lat'>7500-8000‘</span> <span class='ocrx_word' id='word_1_227' title='bbox 1617 2395 1749 2437; x_wconf 88' lang='lat' dir='ltr'>(Aitch.</span> <span class='ocrx_word' id='word_1_228' title='bbox 1771 2397 1883 2436; x_wconf 75' lang='lat'>5822).</span> 
     </span>
    </p>
   </div>
   <div class='ocr_carea' id='block_1_13' title="bbox 250 2525 1082 2578">
    <p class='ocr_par' dir='ltr' id='par_1_13' title="bbox 250 2525 1082 2578">
     <span class='ocr_line' id='line_1_30' title="bbox 250 2525 1082 2578; baseline -0.006 -8"><span class='ocrx_word' id='word_1_229' title='bbox 250 2531 314 2576; x_wconf 88' lang='lat'>57,</span> <span class='ocrx_word' id='word_1_230' title='bbox 350 2527 655 2578; x_wconf 84' lang='lat' dir='ltr'>Calotropis</span> <span class='ocrx_word' id='word_1_231' title='bbox 675 2537 920 2578; x_wconf 83' lang='lat' dir='ltr'>procera,</span> <span class='ocrx_word' id='word_1_232' title='bbox 943 2525 1051 2566; x_wconf 87' lang='lat' dir='ltr'>adde</span> <span class='ocrx_word' id='word_1_233' title='bbox 1074 2537 1082 2565; x_wconf 90' lang='lat'>:</span> 
     </span>
    </p>
   </div>
   <div class='ocr_carea' id='block_1_14' title="bbox 342 2607 1910 2800">
    <p class='ocr_par' dir='ltr' id='par_1_14' title="bbox 342 2607 1910 2800">
     <span class='ocr_line' id='line_1_31' title="bbox 392 2607 1909 2657; baseline -0.004 -9"><span class='ocrx_word' id='word_1_234' title='bbox 392 2614 486 2648; x_wconf 88' lang='lat' dir='ltr'>Hab.</span> <span class='ocrx_word' id='word_1_235' title='bbox 507 2615 542 2648; x_wconf 87' lang='lat' dir='ltr'>in</span> <span class='ocrx_word' id='word_1_236' title='bbox 564 2613 719 2649; x_wconf 87' lang='lat' dir='ltr'>Oasibus</span> <span class='ocrx_word' id='word_1_237' title='bbox 739 2614 854 2657; x_wconf 75' lang='lat' dir='ltr'>parva</span> <span class='ocrx_word' id='word_1_238' title='bbox 872 2618 907 2647; x_wconf 90' lang='lat' dir='ltr'>et</span> <span class='ocrx_word' id='word_1_239' title='bbox 926 2613 1058 2656; x_wconf 73' lang='lat' dir='ltr'>magna</span> <span class='ocrx_word' id='word_1_240' title='bbox 1078 2611 1231 2656; x_wconf 85' lang='lat' dir='ltr'>AEgypti</span> <span class='ocrx_word' id='word_1_241' title='bbox 1251 2609 1472 2647; x_wconf 66' lang='lat' dir='ltr'>(Schweinffl</span> <span class='ocrx_word' id='word_1_242' title='bbox 1491 2608 1706 2652; x_wconf 88' lang='lat' dir='ltr'>Aschers.!)‚</span> <span class='ocrx_word' id='word_1_243' title='bbox 1726 2608 1772 2642; x_wconf 88' lang='lat' dir='ltr'>ad</span> <span class='ocrx_word' id='word_1_244' title='bbox 1791 2607 1909 2643; x_wconf 88' lang='lat' dir='ltr'>Ouadi</span> 
     </span>
     <span class='ocr_line' id='line_1_32' title="bbox 347 2655 1910 2705; baseline -0.004 -10"><span class='ocrx_word' id='word_1_245' title='bbox 347 2661 504 2705; x_wconf 85' lang='lat' dir='ltr'>Djafara</span> <span class='ocrx_word' id='word_1_246' title='bbox 536 2661 671 2696; x_wconf 85' lang='lat' dir='ltr'>deserti</span> <span class='ocrx_word' id='word_1_247' title='bbox 702 2659 1093 2705; x_wconf 78' lang='lat' dir='ltr'>AEgyptiaco-Arabici</span> <span class='ocrx_word' id='word_1_248' title='bbox 1125 2669 1196 2693; x_wconf 90' lang='lat' dir='ltr'>non</span> <span class='ocrx_word' id='word_1_249' title='bbox 1228 2658 1356 2702; x_wconf 90' lang='lat' dir='ltr'>procul</span> <span class='ocrx_word' id='word_1_250' title='bbox 1388 2668 1409 2691; x_wconf 87' lang='lat' dir='ltr'>a</span> <span class='ocrx_word' id='word_1_251' title='bbox 1435 2658 1526 2693; x_wconf 87' lang='lat' dir='ltr'>Suez</span> <span class='ocrx_word' id='word_1_252' title='bbox 1554 2655 1775 2696; x_wconf 86' lang='lat' dir='ltr'>(Schweinf.!</span> <span class='ocrx_word' id='word_1_253' title='bbox 1809 2655 1910 2689; x_wconf 88' lang='lat' dir='ltr'>locus</span> 
     </span>
     <span class='ocr_line' id='line_1_33' title="bbox 342 2702 1909 2800; baseline -0.005 -56"><span class='ocrx_word' id='word_1_254' title='bbox 342 2709 591 2800; x_wconf 35' lang='lat' dir='ltr'>gssgggt&#39;ipcus</span> <span class='ocrx_word' id='word_1_255' title='bbox 608 2709 765 2742; x_wconf 88' lang='lat' dir='ltr'>maxime</span> <span class='ocrx_word' id='word_1_256' title='bbox 781 2707 1077 2751; x_wconf 85' lang='lat' dir='ltr'>septentrionalis</span> <span class='ocrx_word' id='word_1_257' title='bbox 1090 2708 1123 2750; x_wconf 70' lang='grc' dir='ltr'>ἔ),</span> <span class='ocrx_word' id='word_1_258' title='bbox 1138 2707 1174 2740; x_wconf 92' lang='lat' dir='ltr'>in</span> <span class='ocrx_word' id='word_1_259' title='bbox 1188 2706 1283 2740; x_wconf 84' lang='lat' dir='ltr'>valle</span> <span class='ocrx_word' id='word_1_260' title='bbox 1298 2704 1450 2740; x_wconf 84' lang='lat' dir='ltr'>Jordani</span> <span class='ocrx_word' id='word_1_261' title='bbox 1465 2714 1580 2748; x_wconf 84' lang='lat' dir='ltr'>prope</span> <span class='ocrx_word' id='word_1_262' title='bbox 1594 2703 1740 2738; x_wconf 87' lang='lat' dir='ltr'>Jericho</span> <span class='ocrx_word' id='word_1_263' title='bbox 1757 2702 1909 2738; x_wconf 79' lang='lat' dir='ltr'>(Fahrn-</span> 
     </span>
    </p>
   </div>
   <div class='ocr_carea' id='block_1_15' title="bbox 252 2887 1122 2940">
    <p class='ocr_par' dir='ltr' id='par_1_15' title="bbox 252 2887 1122 2940">
     <span class='ocr_line' id='line_1_34' title="bbox 252 2887 1122 2940; baseline -0.006 -8"><span class='ocrx_word' id='word_1_264' title='bbox 252 2893 318 2939; x_wconf 84' lang='lat'>58,</span> <span class='ocrx_word' id='word_1_265' title='bbox 354 2888 705 2940; x_wconf 85' lang='lat' dir='ltr'>Pentatropis</span> <span class='ocrx_word' id='word_1_266' title='bbox 723 2888 960 2940; x_wconf 84' lang='lat' dir='ltr'>spiralis,</span> <span class='ocrx_word' id='word_1_267' title='bbox 982 2887 1091 2928; x_wconf 86' lang='lat' dir='ltr'>adde</span> <span class='ocrx_word' id='word_1_268' title='bbox 1114 2899 1122 2927; x_wconf 79' lang='lat'>2</span> 
     </span>
    </p>
   </div>
   <div class='ocr_carea' id='block_1_16' title="bbox 345 2972 1910 3070">
    <p class='ocr_par' dir='ltr' id='par_1_16' title="bbox 345 2972 1910 3070">
     <span class='ocr_line' id='line_1_35' title="bbox 392 2972 1910 3017; baseline -0.005 -4"><span class='ocrx_word' id='word_1_269' title='bbox 392 2979 486 3013; x_wconf 79' lang='lat' dir='ltr'>Hah.</span> <span class='ocrx_word' id='word_1_270' title='bbox 508 2979 554 3013; x_wconf 90' lang='lat' dir='ltr'>ad</span> <span class='ocrx_word' id='word_1_271' title='bbox 575 2978 693 3013; x_wconf 88' lang='lat' dir='ltr'>Ouadi</span> <span class='ocrx_word' id='word_1_272' title='bbox 715 2979 834 3013; x_wconf 87' lang='lat' dir='ltr'>Zeska</span> <span class='ocrx_word' id='word_1_273' title='bbox 855 2978 902 3012; x_wconf 90' lang='lat' dir='ltr'>ad</span> <span class='ocrx_word' id='word_1_274' title='bbox 931 2977 1155 3012; x_wconf 82' lang='lat' dir='ltr'>occidentem</span> <span class='ocrx_word' id='word_1_275' title='bbox 1176 2976 1289 3010; x_wconf 88' lang='lat' dir='ltr'>Maris</span> <span class='ocrx_word' id='word_1_276' title='bbox 1310 2975 1446 3010; x_wconf 86' lang='lat' dir='ltr'>Mortui</span> <span class='ocrx_word' id='word_1_277' title='bbox 1464 2974 1681 3017; x_wconf 69' lang='lat' dir='ltr'>(Kerstenlj,</span> <span class='ocrx_word' id='word_1_278' title='bbox 1702 2973 1796 3007; x_wconf 88' lang='lat' dir='ltr'>inter</span> <span class='ocrx_word' id='word_1_279' title='bbox 1816 2972 1910 3006; x_wconf 89' lang='lat' dir='ltr'>Thal</span> 
     </span>
     <span class='ocr_line' id='line_1_36' title="bbox 345 3025 1056 3070; baseline -0.003 -9"><span class='ocrx_word' id='word_1_280' title='bbox 345 3032 381 3061; x_wconf 84' lang='lat' dir='ltr'>et</span> <span class='ocrx_word' id='word_1_281' title='bbox 403 3026 650 3061; x_wconf 86' lang='lat' dir='ltr'>Badischkhel</span> <span class='ocrx_word' id='word_1_282' title='bbox 673 3026 877 3070; x_wconf 81' lang='lat' dir='ltr'>Affghaniae</span> <span class='ocrx_word' id='word_1_283' title='bbox 897 3025 1056 3069; x_wconf 85' lang='lat' dir='ltr'>(Aitch.).</span> 
     </span>
    </p>
   </div>
  </div>
 </body>
</html>
