2094 3351
188 224 208 260 2
869 233 1174 258 RANUNCUhACEAE.
1678 221 1852 258 clematis

205 307 280 407 Psg‘
311 360 406 410 post
427 357 481 398 C.
504 358 720 408 gratam
741 356 877 397 insere
898 368 906 396 :

347 481 472 523 Smer.
503 480 576 522 IV.
608 480 941 522 ATRAGENOPS1S.
962 504 1014 509 —
1039 480 1274 522 Filamenta
1301 480 1439 520 omnia
1466 484 1514 520 ut
1538 480 1580 520 in
1605 480 1856 521 sectionibus

581 534 914 586 praecedentibus
930 532 1199 581 antherifera,
1217 532 1291 574 sed
1305 532 1501 573 nonnulla
1517 545 1566 573 ex
1582 532 1856 574 exterioribus

582 587 745 692 {aigtffiois
769 585 1247 680 gghulato-subdilatata
1269 596 1345 626 nec
1371 588 1421 626 ut
1444 586 1484 626 in
1512 589 1614 626 sect.
1645 585 1857 639 Atrayene.

348 773 402 813 C.
426 773 787 813 Robertsiana
808 770 964 823 (Aitch.
989 775 1032 812 et
1051 770 1221 812 Hemsle
1268 770 1416 812 Journ.
1440 770 1561 811 Linn.
1586 770 1678 812 Soc.
1701 770 1854 818 XVIII,

290 837 332 877 p.
356 828 405 866 29
433 828 476 866 et
504 824 617 874 XIX,
641 825 729 866 tab.
755 825 797 876 2)
825 829 1088 865 sarmentosa
1113 835 1212 865 scan
1244 835 1316 865 ens
1341 823 1603 876 4-5-pedalis,
1633 822 1739 864 foliis
1767 823 1858 863 laxe

292 878 621 919 biternatisectis
659 877 885 929 segmentis
921 876 1360 928 oblongo-lanceolatis
1395 876 1645 918 acuminatis
1684 875 1860 929 petiolu-

292 930 389 971 latis
410 942 553 982 grosse
581 935 624 971 et
651 933 811 971 remote
838 930 1010 971 serratis
1035 929 1245 970 terminali
1266 930 1416 982 saepius
1437 929 1665 989 tripartito,
1689 928 1858 970 floribus

292 983 489 1025 solitariis
514 982 637 1034 longe
664 982 955 1035 pedunculatis
982 982 1159 1030 cernuis,
1187 982 1338 1034 sepalis
1363 986 1389 1023 4
1415 983 1574 1023 citrinis
1601 994 1668 1023 am
1700 982 1748 1023 lis
1774 981 1858 1022 late

293 1035 535 1077 lanceolatis
554 1035 678 1087 longe
698 1035 946 1076 acuminatis
965 1034 1274 1083 obtusiusculis‚
1290 1034 1514 1076 filamentis
1532 1035 1666 1087 pilosu
1682 1035 1715 1075 is
1730 1034 1859 1075 omni-

291 1088 371 1130 bus
391 1087 655 1129 antheriferis
675 1087 749 1129 sed
769 1087 1042 1128 exterioribus
1059 1087 1313 1139 longioribus
1328 1088 1444 1140 apice
1458 1088 1659 1137 dilatatis,
1676 1086 1858 1128 acheniis

293 1141 459 1182 sericeis
479 1140 601 1193 longe
622 1140 1020 1192 caudato-plumosis
1047 1143 1105 1187 Qi.

351 1211 445 1246 Hab.
465 1211 512 1246 ad
530 1211 676 1246 fluvium
694 1211 865 1247 Shalizan
879 1210 987 1246 vallis
1005 1211 1142 1246 Kuram
1162 1210 1368 1256 Affghaniae
1389 1213 1576 1246 10-11000‘
1595 1211 1728 1255 (Aitch.
1745 1210 1857 1254 733!).

352 1276 536 1310 Foliorum
554 1280 778 1320 segmentum
792 1276 958 1319 superius
972 1278 1029 1309 2-2
1043 1275 1287 1320 ¹l2-pollicare,
1301 1276 1428 1320 sepala
1442 1278 1462 1310 2
1477 1275 1553 1318 'liz-3
1571 1276 1722 1319 pollices
1739 1275 1859 1319 longa,

306 1322 417 1358 facies
437 1324 629 1367 Atrayenae
641 1322 784 1366 Alpinae
800 1323 1011 1358 ochrozeucae
1027 1333 1047 1357 e
1060 1322 1203 1367 Sibiria,
1220 1323 1283 1358 sed
1302 1322 1410 1358 flores
1427 1323 1537 1367 duplo
1555 1323 1712 1367 maiores
1731 1327 1767 1358 et
1783 1322 1860 1357 fila-

306 1374 428 1405 menta
448 1370 550 1404 nulla
568 1369 783 1404 ananthera.

240 1498 279 1545 6,
309 1499 406 1548 post
423 1495 758 1536 Thalictrum
778 1495 1124 1546 isopyroides
1142 1495 1278 1536 insere
1299 1508 1308 1536 ε

345 1583 436 1622 Th.
468 1582 823 1623 triternatum
859 1581 1094 1634 (Ruprecht
1122 1581 1186 1623 Fl.
1212 1581 1339 1624 Cauc.
1373 1594 1415 1634 p.
1450 1585 1489 1631 2,
1523 1581 1611 1623 tab.
1649 1585 1684 1630 1,
1711 1580 1782 1633 fig.
1821 1583 1860 1632 1)

292 1634 464 1683 humile,
487 1634 696 1683 radice...,
720 1634 838 1675 caule
857 1634 1019 1686 vaginis
1038 1634 1146 1676 binis
1166 1634 1292 1676 fuscis
1310 1635 1401 1676 basi
1422 1635 1571 1683 obsito,
1594 1633 1701 1675 foliis
1722 1635 1862 1675 triter-

294 1688 511 1729 natisectis
545 1687 774 1739 segmentis
805 1687 1048 1739 majusculis
1083 1700 1108 1728 a
1137 1687 1229 1729 basi
1257 1687 1487 1729 rotundata
1517 1687 1581 1729 vel
1609 1687 1863 1728 subcordata

295 1746 534 1782 transverse
570 1740 704 1781 ovatis
742 1740 806 1781 vel
845 1740 1087 1781 orbiculatis
1125 1741 1275 1782 obtuse
1309 1741 1650 1789 7-11-crenatis,
1690 1739 1862 1781 floribus

291 1794 436 1847 paucis
472 1792 837 1845 ternato-geminis
872 1793 1063 1844 trigynis,
1097 1793 1248 1846 petalis
1283 1793 1490 1853 ellipticis‚
1525 1792 1749 1834 filamentis
1783 1792 1860 1834 sub

293 1846 471 1888 anthera
489 1845 611 1886 valde
628 1846 817 1894 clavatis,
835 1846 1027 1898 caipellis
1043 1845 1316 1898 (junioribus)
1332 1847 1558 1888 linearibus
1575 1845 1858 1894 octocostatis,

291 1899 492 1952 stigmate
512 1899 668 1940 conico.

351 1968 446 2003 Hab.
482 1969 518 2004 in
553 1969 713 2005 Caucaso
747 1968 1123 2004 boreali-occidentali
1159 1969 1197 2004 in
1230 1969 1415 2004 Abchasia
1448 1968 1510 2004 ubi
1546 1979 1671 2004 versus
1704 1973 1861 2004 montem

306 2016 466 2051 Oschten
482 2021 518 2051 et
538 2015 657 2051 fontes
675 2015 775 2050 fluvii
793 2016 835 2059 Β]
843 2016 940 2059 elaja
959 2016 995 2050 in
1016 2016 1225 2052 declivitate
1241 2016 1507 2051 bon-orientali
1525 2017 1592 2051 viae
1612 2016 1860 2052 Schitlibensis

306 2063 550 2155 ggaffssssgoixlxl
558 2062 745 2155 ἐῗάῑξίςίοείε
764 2064 921 2107 regionis
947 2063 1190 2098 subsilvaticae
1216 2064 1359 2099 unicum
1380 2064 1561 2108 specimen
1580 2064 1669 2108 legit
1684 2064 1733 2098 Dr
1752 2063 1861 2099 Scha-

350 2174 485 2209 Planta
497 2174 775 2218 7-8-pollicaris,
789 2173 960 2208 foliorum
978 2178 1163 2218 segmenta
1183 2176 1243 2209 5—7
1268 2174 1384 2210 lineas
1406 2174 1515 2219 longa
1535 2180 1571 2209 et
1587 2175 1676 2209 lata.
1694 2174 1805 2210 Facie
1826 2178 1861 2209 et

305 2221 402 2257 foliis
421 2220 532 2256 affine
554 2221 618 2257 Th.
638 2221 844 2256 Baicalensi
863 2221 1034 2265 cai-pellis
1054 2221 1398 2266 plano-compressis
1417 2228 1587 2258 caeterum
1604 2222 1732 2257 alieno.

241 2352 280 2398 7,
310 2348 402 2388 Th.
436 2347 700 2396 foetidum,
737 2347 846 2388 adde
874 2360 882 2388 ε
920 2346 1003 2389 Th.
1034 2346 1307 2401 tenm'folz‘um
1333 2349 1464 2401 Rupr.
1497 2347 1561 2389 Fl.
1595 2347 1722 2390 Cauc.
1749 2359 1791 2400 p.
1819 2351 1859 2396 4,

293 2400 426 2442 forma
446 2399 554 2442 foliis
573 2400 885 2453 submajoribus
907 2401 1077 2442 teneris.

216 2544 279 2590 10,
309 2540 584 2580 Anemone
604 2540 828 2589 Albana,
850 2539 960 2581 adde
982 2553 990 2580 :

345 2630 383 2682 β.
413 2627 609 2681 violacea.
637 2650 692 2656 —-
714 2626 858 2668 Flores
892 2627 1248 2671 lilacino-violacei
1280 2640 1356 2670 nec
1385 2632 1434 2670 ut
1465 2629 1506 2669 in
1539 2632 1638 2681 typo
1669 2627 1764 2670 flavi
1796 2627 1861 2670 vel

293 2680 411 2722 lutei.
432 2703 485 2709 —
503 2679 739 2722 Pulsatilla
757 2680 941 2722 violacea
960 2680 1092 2733 Rupr.
1114 2681 1147 2722 F
1149 2681 1178 2722 l.
1200 2681 1328 2723 Cauc.
1350 2694 1392 2734 p.
1415 2684 1452 2723 6.

353 2751 447 2786 Hab.
482 2751 519 2786 in
555 2752 716 2786 Caucaso
754 2761 869 2796 prope
906 2751 1055 2788 Kasbek
1089 2757 1199 2797 atque
1232 2753 1268 2788 in
1306 2753 1502 2788 Tuschetia
1540 2757 1575 2787 et
1612 2751 1861 2796 Daghestania

307 2798 453 2843 (Rupr.!
474 2798 719 2843 Brotherusl).

344 2879 381 2916 γ.
414 2861 634 2914 Georqica,
660 2885 712 2891 —
739 2862 949 2905 Foliorum
977 2863 1138 2905 laciniae
1167 2863 1433 2905 tenuissimae.
1464 2862 1606 2905 Flores
1634 2862 1861 2904 roseo-lila-

292 2915 389 2957 cini.
411 2938 463 2944 —-
481 2914 605 2957 Puzs.
630 2914 835 2968 Georgica
854 2916 986 2969 Rupr.
1008 2916 1036 2957 l.
1059 2917 1132 2957 cit.
1153 2929 1194 2969 p.
1217 2920 1256 2958 9.

349 2985 445 3020 Hab.
465 2985 501 3020 in
521 2984 642 3021 Iberia
663 2986 860 3021 Caucasica
877 2986 924 3021 ad
943 2986 1149 3021 Kadschori
1169 2997 1280 3031 supra
1299 2986 1398 3022 Tiflis
1419 2987 1591 3031 (Rupr.!).
