2115 3250
221 172 418 207 Malcome'a.
944 181 1168 206 nuncu-enm.
1846 169 1892 204 45

237 251 308 285 Pag.

222 306 314 352 228,

220 646 312 692 229,

217 1789 307 1835 235,

219 2610 309 2655 2:55,

221 2867 310 2912 236,

345 304 414 344 Μ.
439 303 570 344 Chia
593 315 602 343 :

384 389 440 424 Ex
458 389 685 424 habitatione
703 388 785 424 dele
810 389 972 433 plantam
995 399 1014 423 e
1034 389 1151 434 Cypro
1180 387 1248 433 ΚΥ.
1274 376 1398 431 Ξιιρρῐ.
1425 389 1492 421 407
1513 387 1558 421 ad
1588 387 1640 420 M.
1658 387 1892 421 micrantham

338 441 562 480 spectantem
585 441 620 470 et
640 435 756 470 adde:

384 498 451 533 Ar.
473 498 615 542 Geogr.
634 499 818 534 Dalmatia
837 500 873 533 in
894 504 1014 533 monte
1033 497 1248 541 Wellabit!;
1268 498 1401 532 Bosnia
1422 497 1568 540 (Knapp
1581 496 1615 541 !).

343 647 439 695 post
459 644 530 684 Μ.
552 644 846 684 bicolorem
866 643 1003 684 insere
1024 655 1032 683 :

379 732 449 771 M.
477 731 783 771 micrantha
804 731 954 780 (Boiss.
984 735 1027 771 et
1046 730 1192 780 Reut.)
1213 741 1352 770 annua
1370 729 1482 781 pube
1501 728 1701 780 adpressa
1729 728 1895 767 ramosa

324 783 388 824 vel
407 784 611 836 bipartita
630 784 781 832 obsita,
800 783 987 824 caulibus
1036 783 1173 824 umilis
1188 781 1414 834 gracilibus
1433 780 1640 828 flexuosis,
1663 779 1771 820 foliis
1791 779 1894 819 inte-

325 836 410 887 gris
441 835 707 877 inferioribus
740 836 928 877 obovatis
960 847 1009 876 ve
1057 835 1246 887 oblongis
1273 835 1314 875 in
1345 834 1547 886 petiolum
1579 833 1748 884 longum
1788 835 1894 872 atte-

324 889 463 929 nuatis
500 889 672 930 summis
710 888 1022 940 angustioribus
1054 900 1164 940 saepe
1198 886 1426 935 sessilibus,
1466 897 1631 927 racemo
1668 883 1894 937 paucifloro

324 941 433 990 laxo,
455 941 667 993 pedicellis
689 941 830 993 calyce
849 952 931 982 non
951 944 1118 982 saccato
1138 940 1262 992 triplo
1287 939 1561 987 brevioribus,
1587 937 1737 990 petalis
1765 937 1895 977 roseis

322 993 566 1035 subexserte
591 994 875 1046 unguiculatis
902 994 1057 1034 lamina
1081 995 1238 1041 retusa,
1270 992 1428 1044 siliquis
1456 991 1605 1033 erectis
1633 989 1894 1031 subincurvis

322 1046 562 1097 gracillimis
584 1047 766 1088 arcuatis
790 1046 925 1087 acutis
945 1046 1143 1098 adpresse
1162 1045 1284 1086 hirtis
1306 1048 1369 1094 Θ.

380 1117 473 1151 Hab.
499 1117 535 1151 in
567 1116 794 1160 rupestribus
814 1117 945 1151 montis
972 1116 1187 1151 Buffavento
1211 1116 1319 1160 Cypri
1346 1117 1446 1149 1200‘
1471 1114 1551 1158 (Ky.
1572 1113 1700 1157 Suppl.
1720 1115 1788 1146 407
1802 1112 1834 1156 ἒ),
1857 1112 1892 1146 in

333 1165 547 1207 graminosis
565 1164 739 1198 calcareis
757 1164 1030 1207 Mesopotamiae
1051 1163 1097 1198 ad
1115 1163 1259 1197 Mardin
1279 1162 1449 1206 (Haussk.
1461 1162 1493 1203 !).

381 1228 535 1263 Gracilis
564 1229 838 1272 3-4-pollicaris,
862 1228 950 1262 folia
983 1238 1108 1272 parva,
1141 1228 1280 1271 siliquae
1309 1227 1477 1270 pollicem
1507 1226 1565 1259 vix
1597 1224 1813 1260 excedentes
1843 1223 1893 1258 eis

333 1275 387 1309 M.
413 1275 507 1310 Chiae
527 1275 673 1309 dimidio
693 1275 889 1310 breviores.
911 1275 1038 1310 Flores
1059 1276 1110 1310 eis
1139 1275 1248 1318 hujus
1267 1274 1400 1318 speciei
1429 1272 1575 1307 dimidio
1602 1272 1757 1306 minores
1780 1270 1892 1314 longi-

334 1322 459 1357 tudine
475 1325 496 1356 2
514 1323 629 1357 lineas
649 1323 707 1356 vix
725 1323 951 1357 excedentes.

300 1488 308 1504 ,
342 1456 604 1506 Hesperis
623 1456 955 1506 thyrsoidea‚
978 1455 1086 1496 adde
1108 1467 1116 1495 :

380 1542 474 1576 Hab.
489 1542 525 1576 in
542 1543 672 1576 montis
686 1542 895 1586 Berytdagh
913 1542 1096 1577 Cataoniae
1113 1541 1212 1576 silvis
1225 1541 1357 1584 Populi
1376 1540 1541 1574 tremulae
1559 1541 1663 1574 6000‘
1678 1538 1892 1582 (Haussk.!).

381 1607 535 1650 Insignis
561 1607 700 1650 siliquis
725 1606 832 1641 valde
860 1607 1035 1640 contortis
1065 1606 1304 1649 complanatis
1331 1610 1366 1639 et
1395 1605 1556 1648 margine
1586 1603 1818 1638 denticulatis
1847 1603 1891 1637 ad

333 1655 468 1688 semina
488 1659 627 1688 remota
647 1660 683 1688 et
699 1654 942 1697 prominentia
960 1653 1210 1697 strangulatis.

337 1790 431 1838 post
449 1787 515 1827 H.
537 1786 1006 1838 pulmonarioiden
1026 1786 1163 1826 insere
1185 1797 1194 1826 :

376 1875 442 1915 H.
470 1875 669 1915 nivalis
689 1874 840 1926 (Boiss.
865 1879 907 1915 et
927 1873 1131 1924 Haussk.)
1151 1872 1294 1914 viridis
1320 1872 1397 1914 sub
1424 1872 1537 1913 lente
1563 1871 1724 1911 minute
1773 1870 1894 1911 ubes-

323 1927 714 1979 centi-glandulosa,
752 1927 938 1968 caulibus
971 1939 993 1968 e
1021 1926 1251 1967 rhizomate
1289 1924 1513 1978 cylindrico
1552 1924 1702 1964 erectis
1756 1923 1893 1963 oliosis

324 1980 491 2021 demum
513 1980 811 2029 crassiuscuhs,
835 1980 942 2020 foliis
966 1979 1246 2032 integerrimis
1266 1976 1710 2028 lanceolam-oblongis
1730 1974 1895 2016 inferio-

322 2033 437 2073 ribus
476 2033 518 2073 in
556 2033 756 2084 petiolum
794 2033 1025 2073 attenuatis
1057 2031 1231 2072 caulinis
1259 2031 1485 2079 sessilibus‚
1519 2040 1685 2070 racemo
1718 2028 1893 2080 simplici

322 2086 415 2126 laxo
435 2085 665 2134 vlo-floro.
687 2086 870 2126 bracteis
898 2084 1047 2126 florum
1072 2083 1315 2125 inferiorum
1339 2083 1584 2124 lanceolatis
1610 2082 1743 2122 acutis
1774 2092 1894 2132 supe-

322 2139 477 2179 riorum
515 2138 653 2186 nullis,
690 2138 901 2190 pedicellis
939 2138 1069 2190 calyci
1107 2137 1282 2189 aequilon
1316 2136 1350 2177 is
1388 2134 1615 2176 fructiferis
1651 2133 1894 2175 incrassatis

321 2191 579 2241 patentibus,
599 2191 749 2242 petalis
763 2191 898 2231 lividis
912 2190 1085 2231 obverse
1099 2190 1288 2230 lineari-o
1321 2189 1469 2241 longis,
1487 2187 1644 2239 siliquis
1658 2186 1895 2227 horizonta-

323 2244 430 2285 libus
459 2244 620 2284 minute
650 2243 905 2295 glandulosis
926 2244 1076 2284 crassis
1102 2241 1338 2295 cylindricis
1363 2241 1509 2293 rigidis
1538 2239 1806 2281 acutiusculis
1833 2242 1892 2286 91.

382 2315 475 2349 Hab.
496 2315 542 2349 ad
562 2316 660 2349 nives
679 2315 811 2349 montis
836 2316 959 2351 Sawus
981 2315 1114 2349 Persiae
1134 2314 1512 2349 austro-occidentalis
1531 2311 1654 2348 12000‘
1673 2312 1891 2358 (Haussk.!).

384 2379 513 2413 Caules
527 2378 706 2412 fructiferi
722 2389 800 2412 cum
814 2389 957 2413 racemo
972 2377 1132 2422 pedales,
1144 2377 1233 2412 folia
1247 2382 1402 2422 angusta
1420 2377 1688 2420 1-2-p011icaria
1706 2376 1894 2411 6-81ineas

336 2426 422 2469 lata,
449 2426 589 2469 siliquae
621 2428 680 2459 2-2
693 2425 944 2469 ¹l2-pollicares
972 2435 1032 2460 eas
1052 2425 1101 2459 H.
1117 2424 1420 2469 pulmonarioidis
1438 2423 1651 2467 referentes,
1672 2423 1735 2458 sed
1754 2423 1893 2458 brevio-

335 2483 403 2516 res,
429 2472 518 2507 folia
539 2478 574 2507 et
594 2472 718 2516 petala
739 2473 961 2517 angustiora.

343 2608 408 2647 H.
431 2606 809 2654 secundiflora‚
832 2609 951 2646 muta
971 2617 1121 2646 nomen
1141 2606 1184 2646 in
1205 2606 1269 2646 H.
1289 2605 1561 2657 glutinosa
1577 2604 1752 2652 Visiani,
1770 2603 1894 2644 Flora

328 2662 441 2707 1829,
474 2659 822 2711 Ergaenzungsbl.
855 2671 897 2711 p.
937 2661 999 2707 16,
1034 2671 1131 2699 nam
1161 2659 1308 2710 planta
1340 2656 1567 2699 Orientalis
1601 2669 1626 2697 a
1657 2657 1895 2697 Dalmatica

324 2712 482 2764 siliquis
502 2712 568 2752 vix
589 2711 844 2764 glandulosis
864 2715 1031 2752 tantum
1053 2710 1206 2752 differt.

345 2865 409 2904 H.
441 2864 688 2914 pendula,
719 2863 811 2905 dele
841 2876 931 2917 syn.
963 2864 1021 2904 H.
1055 2863 1265 2917 rupestris
1289 2863 1423 2904 Boiss.
1454 2866 1497 2904 et
1523 2862 1612 2904 Noe
1641 2867 1684 2904 et
1712 2862 1891 2915 patriam

325 2916 563 2957 Armeniam
585 2940 636 2945 —
656 2920 700 2957 et
716 2920 863 2968 postea
882 2917 1018 2958 insere
1038 2930 1046 2957 :
