2094 3351
252 281 297 316 48
979 290 1204 316 CRUCWERAE.
1775 277 1922 315 nicona.

269 362 338 396 Pag.

369 416 498 450 forma.
540 415 637 450 Nota
679 414 930 449 differentialis
967 415 1073 448 unica
1106 414 1141 448 in
1175 413 1235 448 ala
1271 414 1443 449 seminum
1485 414 1598 457 plana
1635 412 1732 448 dicta
1771 422 1851 457 quae
1888 405 1937 447 in'

370 463 414 497 R.
433 463 579 496 sinuata
599 461 914 505 undulato-crispa
935 466 1000 495 est.

252 595 342 640 256,
377 593 611 632 Lunaria
646 593 889 632 biennis:
922 591 1058 632 Fibrae
1084 590 1286 631 radicales
1317 589 1479 631 inferne
1510 591 1552 631 in
1582 590 1732 631 tubera
1761 589 1924 631 elavata

356 645 709 696 sesquipolliearia
741 645 892 685 sensim
921 644 1179 684 incrassatae.
1211 643 1293 695 (Ex
1315 643 1486 695 specim.
1510 655 1535 683 a
1561 643 1612 683 el.
1635 643 1686 684 de
1706 641 1852 683 Heldr.
1881 642 1923 683 in

356 698 526 747 regione
547 697 741 738 inferiore
760 697 913 737 montis
937 696 1077 737 Pelion
1101 695 1327 737 Thessaliae
1348 696 1502 747 lectis.)

251 839 341 885 257,
373 837 578 888 Fibiqia
600 840 961 888 macroptera,
986 835 1095 877 adde
1116 848 1124 876 :

414 923 506 957 Hab.
536 925 571 957 in
600 923 781 957 montibus
812 923 1022 968 Berytdagh
1052 923 1248 966 Cataoniae‚
1275 923 1336 957 Pir
1364 923 1475 957 Omar
1503 922 1665 966 Gudrun,
1685 925 1869 957 Avroman
1889 928 1924 957 et

367 970 511 1005 Schahu
532 970 776 1005 Kurdistaniae
796 971 950 1005 Persicae
968 960 1111 1004 4-7600‘
1132 970 1302 1013 (Haussk.
1315 970 1348 1014 ἲ).

408 1035 445 1086 β.
468 1032 744 1086 microcarpa.
764 1055 817 1060 —
837 1031 1016 1073 Silieulae
1037 1031 1241 1073 diametro
1262 1034 1285 1072 6
1305 1043 1380 1072 nec
1401 1035 1498 1072 9-10
1518 1031 1649 1072 lineas
1669 1031 1782 1072 latae.

414 1102 506 1136 Hah.
527 1103 562 1136 in
593 1102 747 1137 dumetis
767 1103 897 1136 montis
918 1103 1058 1137 Sawers
1078 1103 1181 1136 8000'
1202 1107 1238 1136 et
1255 1102 1290 1135 in
1312 1102 1491 1145 quei-cetis
1511 1102 1642 1136 montis
1659 1101 1742 1135 Kuh
1760 1100 1925 1135 Eschker

366 1149 500 1184 Persiae
518 1149 630 1183 occid.
651 1151 813 1183 8-10000‘
833 1149 1048 1192 (Haussk.!).

249 1282 340 1327 259,
372 1280 425 1320 P.
449 1280 815 1328 suffruticosa,
837 1278 971 1320 adde:

412 1368 506 1402 Hah.
526 1369 562 1402 in
578 1374 699 1402 monte
719 1369 858 1403 Sawers
884 1368 1019 1402 Persiae
1048 1367 1159 1401 occid.
1190 1366 1235 1400 ad
1266 1368 1364 1401 nives
1395 1368 1581 1401 10-13000'
1613 1372 1650 1402 et
1677 1367 1712 1402 in
1740 1366 1922 1401 montibus

367 1416 551 1449 Avroman
571 1421 606 1449 et
627 1415 771 1450 Schahu
789 1414 1037 1449 Kurdistaniae
1058 1416 1221 1448 6-10000‘
1245 1414 1414 1456 (Haussk.
1427 1414 1461 1458 !).

247 1555 337 1600 259,
369 1552 423 1592 Γ.
445 1552 794 1599 multicauliS‚
818 1551 926 1593 adde
948 1564 957 1592 z

409 1640 503 1675 Hah.
524 1641 559 1674 in
579 1640 759 1675 montibus
779 1642 963 1675 Avroman
985 1645 1020 1675 et
1041 1640 1184 1676 Schahu
1203 1641 1368 1674 9-10000'
1386 1640 1603 1684 (Haussk.!).

247 1776 338 1821 261,
373 1774 660 1825 Clastopus
678 1774 915 1814 vestitus
937 1787 946 1814 :

409 1863 553 1906 Species
573 1863 709 1907 alpina.
730 1863 770 1897 In
788 1862 925 1898 fissuris
943 1863 1085 1907 rupium
1106 1863 1236 1897 montis
1254 1862 1406 1898 Elwend
1426 1864 1570 1897 10000‘!

247 1992 336 2036 262,
367 1989 649 2030 Vesicaria
670 1990 899 2042 diqitata
920 2002 1000 2031 non
1023 1990 1230 2031 immerito
1251 2002 1275 2030 a
1300 1990 1350 2031 el.
1375 1989 1591 2042 Ruprecht
1615 1994 1664 2030 ut
1689 1990 1783 2030 novi
1800 2001 1922 2041 gene-

349 2042 405 2082 ris
424 2046 548 2095 typus
568 2043 782 2094 proposita
800 2055 808 2082 ε

277 2261 813 2312 PSEUDOVESIGARIA
853 2263 1009 2328 (Rupr.
1049 2263 1116 2311 Pl.
1157 2263 1299 2323 Gauc„
1338 2280 1379 2327 p.
1422 2263 1500 2312 97.
1534 2292 1594 2297 —
1636 2260 1884 2312 'Vc-sicaria

431 2351 547 2395 sect.
581 2343 1011 2394 Pseudovesz'caria
1040 2345 1201 2395 Boiss.
1230 2346 1265 2394 F
1270 2344 1300 2394 l.
1330 2344 1418 2406 Or,
1446 2345 1483 2403 Ι,
1512 2359 1558 2410 p.
1588 2343 1728 2409 262).

397 2498 527 2551 Calyx
561 2499 651 2540 basi
690 2498 956 2551 subaequalis.
998 2497 1145 2538 Petala
1183 2498 1636 2550 obovato-spathulata
1672 2498 1840 2549 integra
1876 2497 1918 2538 in

348 2564 528 2604 unguem
556 2552 709 2593 sensim
736 2555 972 2592 attenuata.
1002 2550 1236 2592 Filamenta
1268 2551 1480 2592 edentula.
1516 2550 1657 2603 Stylus
1690 2551 1731 2590 in
1764 2550 1817 2591 sti
1850 2562 1919 2590 ma

348 2616 427 2645 non
449 2604 665 2645 dilatatus.
689 2603 860 2646 Silieula
876 2616 1031 2656 magna
1051 2604 1566 2656 attenuato-substipitata
1585 2606 1710 2644 ovata
1723 2602 1787 2643 vel
1803 2614 1825 2643 e
1844 2602 1917 2655 lip-

348 2658 429 2698 tica
465 2657 704 2699 bilocularis
741 2657 913 2698 valvulis
950 2656 1281 2698 membranaceis
1317 2656 1409 2709 plus
1446 2657 1583 2697 minus
1620 2655 1791 2703 inflatis,
1832 2658 1917 2696 2-4-

347 2722 528 2762 sperma.
561 2709 751 2752 Funieuli
785 2710 876 2751 basi
910 2713 1029 2762 septo
1061 2709 1221 2750 adnati.
1256 2708 1429 2761 Septum
1462 2708 1714 2761 pellucidum
1750 2720 1914 2748 enerve.

347 2763 514 2804 Semina
535 2774 613 2803 non
636 2763 889 2815 marginata.
919 2762 1123 2803 Radicula
1149 2762 1430 2803 commissurae
1457 2761 1622 2814 oblique
1649 2760 1913 2802 accumbens.

345 2839 396 2844 —
408 2815 550 2856 Herba
563 2815 726 2856 biennis
740 2816 994 2867 glaberrima
1009 2827 1197 2857 carnosa.
1213 2814 1356 2855 Flores
1370 2814 1600 2856 mediocres
1615 2813 1697 2855 albi
1712 2813 1776 2854 vel
1791 2813 1913 2854 rosei.

347 2869 488 2911 Genus
509 2880 533 2908 a
560 2868 775 2909 Vesicarid
795 2868 1005 2921 glabritie,
1028 2868 1164 2909 colore
1190 2867 1354 2916 florum,
1377 2867 1604 2908 seminibus
1632 2866 1804 2918 apteris,
1833 2865 1916 2906 sili-

345 2921 438 2962 cula
452 2921 773 2962 membranacea
786 2933 867 2961 non
883 2922 1114 2969 crustaeea,
1129 2920 1317 2961 radicula
1330 2920 1498 2972 obliqua
1509 2920 1766 2967 distinctum,
1781 2918 1914 2970 magis

345 2974 398 3015 ad
420 2973 765 3067 Colutegcarpmn
785 2974 946 3015 silicula
964 2974 1225 3022 uniloeulari,
1248 2973 1447 3025 stigmate
1477 2973 1676 3025 capitato,
1708 2976 1789 3013 etc.
1817 2970 1913 3011 alie-

344 3039 442 3068 num
464 3037 560 3068 acce
593 3038 680 3068 ens.
