2115 3250
217 231 406 278 Medicayo.
956 240 1207 265 LEGUMINOSAE.
1828 232 1894 266 165

216 313 288 347 Pag.

221 368 310 414 101,
343 365 412 404 Μ.
436 367 708 412 coronata,
731 363 838 404 adde
861 376 868 403 :

376 453 414 503 β.
447 450 615 490 uncam.
639 471 690 476 —
720 447 857 500 Spinae
883 448 1136 500 marginales
1169 451 1315 488 tenues
1345 448 1535 499 margine
1567 449 1656 500 ipso
1688 449 1895 501 subtriplo

322 502 528 553 longiores
549 502 666 553 apice
682 501 905 547 uncinatae.
926 524 968 528 —
996 500 1062 541 M.
1093 499 1275 542 Urbaniz'
1295 499 1441 541 Heldr.
1463 512 1548 541 exs.
1575 503 1690 542 1875.

381 571 474 605 Hab.
494 572 530 605 in
550 570 703 606 collibus
720 571 908 605 maritimis
929 571 1068 605 saxosis
1086 571 1218 605 Atticae
1239 570 1286 604 ad
1304 570 1537 605 Duliasmene
1556 570 1697 614 (Heldr.
1710 570 1745 614 !).

220 705 309 752 102,
341 706 436 755 post
457 703 525 742 M.
553 702 828 743 Galilaeam
848 702 986 743 insere
1008 715 1016 742 :

377 789 446 828 M.
472 789 824 829 Granatensis
844 788 1004 839 (Willd.
1027 787 1180 829 Enum.
1204 788 1258 836 ΙΙ,
1275 800 1317 840 p.
1334 789 1428 839 803)
1450 788 1747 840 glabriuscula,
1766 789 1897 840 stipu-

324 841 372 881 lis
392 841 636 882 lanceolatis
656 840 861 893 profunde
881 841 1102 889 laciniatis,
1125 840 1273 882 foliolis
1294 841 1482 882 obovatis
1504 841 1567 882 vel
1589 841 1778 882 cuneatis
1800 840 1899 882 den-

325 894 524 942 ticulatis,
554 893 798 946 pedunculis
831 893 1028 934 1-2-floris
1054 893 1150 935 folio
1177 905 1259 934 non
1285 893 1558 946 longioribus,
1581 894 1620 934 le
1652 894 1792 935 umine
1812 894 1899 946 gla—

326 946 401 987 bro
428 946 629 999 sphaerico
649 946 770 998 spiris
791 949 873 995 5-6,
906 946 1042 987 nervis
1063 946 1117 987 ad
1143 945 1410 987 anfractuum
1436 945 1556 988 faciei
1586 959 1610 987 a
1665 947 1899 999 marginem

324 1011 455 1051 usque
474 999 693 1040 areolatim
719 999 1145 1048 anastomosantibus,
1169 999 1297 1051 spinis
1324 1011 1373 1040 ex
1401 999 1591 1052 margine
1616 999 1733 1040 tenui
1755 1003 1900 1040 rotun-

325 1051 424 1092 dato
444 1051 532 1104 eJus
551 1056 745 1104 respectu
764 1051 1091 1092 horizontalibus
1113 1056 1279 1092 tantum
1299 1052 1384 1093 ima
1402 1051 1493 1093 basi
1512 1052 1685 1093 sulcatis
1707 1055 1771 1101 Θ.

384 1122 478 1157 Hab.
495 1123 531 1157 in
548 1122 746 1157 Palaestina
757 1123 852 1157 circa
869 1123 1157 1168 Hierosolymam
1174 1124 1233 1166 (ex
1245 1123 1290 1157 cl.
1302 1122 1428 1158 Urban
1443 1123 1540 1157 Mon.
1556 1134 1590 1167 p.
1608 1125 1666 1166 62)
1685 1123 1783 1168 (Non
1799 1123 1900 1168 vidi).

383 1186 470 1221 Haec
499 1187 638 1231 species
672 1197 717 1221 ex
746 1187 850 1221 unico
877 1187 1072 1230 specimine
1098 1187 1195 1221 culto
1218 1187 1305 1221 mihi
1333 1197 1354 1221 a
1384 1187 1428 1221 cl.
1461 1187 1584 1222 Urban
1613 1187 1769 1232 benigne
1805 1198 1898 1222 com-

338 1235 519 1268 municato
544 1233 651 1268 valde
676 1232 796 1269 affinis
822 1238 876 1269 est
905 1234 957 1268 M.
987 1234 1212 1278 maricolepti
1240 1239 1275 1268 et
1303 1234 1356 1268 M.
1388 1233 1556 1278 Galilaeae,
1588 1234 1633 1268 ab
1663 1235 1733 1269 hac
1763 1234 1900 1270 foliolis

337 1281 453 1315 minus
470 1286 598 1325 argute
619 1281 779 1324 serratis,
799 1281 932 1316 areolis
961 1280 1008 1315 ad
1035 1280 1143 1316 faciei
1170 1280 1402 1315 anfractuum
1435 1281 1696 1325 copiosioribus
1726 1286 1761 1317 et
1786 1282 1900 1326 spinis

338 1328 409 1362 ima
429 1327 508 1363 basi
527 1333 669 1363 tantum
688 1338 755 1362 nec
774 1327 852 1363 fere
868 1329 947 1362 tota
964 1328 1189 1372 longitudine
1208 1328 1357 1363 sulcatis
1378 1327 1599 1372 discrepans.

385 1390 452 1425 Ar.
472 1390 615 1434 Geogr.
636 1392 814 1436 Hispania
831 1392 1014 1427 australis.

224 1524 312 1570 102,
330 1522 415 1582 .Μ.
446 1522 794 1582 denticulata,
821 1521 929 1564 adde
956 1534 1047 1576 syn.
1073 1535 1081 1562 ε
1105 1521 1171 1563 M.
1196 1521 1365 1576 hispida
1394 1522 1570 1564 Gaertn.
1597 1534 1749 1564 nomen
1777 1523 1900 1565 valde

327 1586 615 1627 impropmum.

224 1718 312 1764 104,
346 1715 416 1756 M.
437 1715 721 1756 laciniata:
747 1714 1054 1768 Supprimenda
1072 1727 1161 1757 var.
1188 1719 1226 1770 β.
1256 1714 1613 1769 brachyacantha,
1635 1716 1713 1757 loci
1730 1715 1900 1769 plurimi

329 1780 378 1809 ex
397 1767 553 1809 Arabia
571 1770 743 1821 petraea,
766 1768 910 1810 Persia
930 1768 1106 1810 australi
1132 1772 1175 1810 et
1195 1768 1450 1818 Belutschia,
1473 1768 1520 1810 P.
1548 1768 1598 1810 B.
1621 1768 1717 1822 Spei
1737 1768 1792 1810 ad
1811 1780 1902 1822 spe-

327 1822 431 1862 ciem
451 1824 697 1874 sequentem
719 1825 958 1874 spectantes
981 1834 989 1862 ε

381 1910 450 1950 Μ.
474 1910 911 1951 Aschersoniana
932 1909 1099 1962 (Urban
1119 1909 1234 1951 Mon.
1256 1909 1310 1950 N0
1330 1913 1397 1959 43,
1419 1910 1490 1963 fig.
1521 1911 1588 1960 58)
1615 1910 1811 1963 glabrata
1836 1911 1903 1952 vel

327 1974 452 2015 parce
478 1962 654 2015 pilosula
672 1963 963 2015 procumbens,
992 1963 1157 2016 stipulis
1183 1963 1427 2004 lanceolatis
1455 1963 1740 2005 obtusiuscule
1769 1964 1903 2005 denti-

328 2015 491 2064 culatis,
512 2014 659 2057 foliolis
679 2016 818 2069 parvis
838 2016 1026 2057 cuneatis
1047 2016 1254 2057 truncatis
1275 2016 1341 2057 vel
1359 2017 1527 2065 retusis,
1550 2016 1796 2069 pedunculis
1820 2020 1904 2059 1-2-

327 2067 439 2110 floris
460 2067 557 2109 folio
578 2069 644 2109 vix
671 2068 930 2121 aequilonois,
953 2068 1124 2111 floribus
1154 2069 1341 2118 minutis,
1365 2069 1576 2122 legumine
1630 2081 1729 2111 arvo
1756 2069 1903 2123 glabro

329 2121 544 2173 globuloso
570 2121 693 2174 spiris
720 2125 788 2163 3-4
819 2101 876 2163 ad'
904 2120 1030 2163 facies
1064 2122 1200 2164 nervis
1234 2126 1330 2164 7-10
1362 2123 1546 2164 arcuatis
1579 2134 1602 2164 o
1634 2123 1740 2172 sitis,
1775 2123 1904 2176 spinis

328 2173 534 2215 subulatis
573 2174 690 2226 apice
721 2174 903 2216 hamatis
934 2175 1106 2216 sulcatis
1138 2175 1373 2216 bicruribus
1405 2175 1498 2236 plus
1526 2175 1662 2217 minus
1697 2176 1790 2218 elon
1823 2177 1903 2218 atis

329 2238 450 2285 crure
469 2227 699 2320 posftlefifir?
719 2239 770 2268 ex
788 2239 916 2269 nervo
936 2227 1115 2280 margini
1140 2227 1341 2280 parallelo
1362 2228 1538 2270 onundo
1559 2231 1623 2279 Θ.
1646 2228 1715 2270 M.
1744 2227 1797 2271 Sc
1814 2229 1905 2271 zim-

323 2292 509 2332 perzana
571 2290 619 2320 oc
651 2291 669 2320 s
696 2311 705 2320 .

389 2349 483 2384 Hab.
501 2351 537 2385 in
554 2350 707 2385 desertis
727 2351 875 2386 Arabiae
896 2357 1044 2396 petraeae
1065 2352 1235 2396 (Schimp.
1257 2354 1340 2388 196!
1362 2353 1521 2397 Boiss.!),
1542 2353 1696 2398 AEgypti
1715 2354 1751 2388 in
1767 2352 1904 2388 ditione

343 2397 473 2441 Fajum
488 2397 713 2441 (Schweinffl
735 2397 910 2442 Kralikz),
927 2399 1061 2434 Persiae
1081 2400 1254 2435 australis
1274 2399 1321 2435 ad
1347 2400 1502 2435 Dalechi
1522 2400 1605 2446 (Ky.
1626 2402 1670 2436 65
1690 2411 1735 2436 ex
1752 2407 1858 2445 parte
1868 2400 1905 2444 l),

343 2444 563 2479 Belutschiae
582 2444 770 2488 (Stocks!).

390 2508 634 2553 Distinguitur
659 2509 705 2544 ab
730 2509 832 2544 affini
856 2510 911 2544 M.
937 2510 1112 2546 laciniam
1142 2511 1286 2555 stipulis
1315 2511 1479 2547 obtusius
1509 2511 1678 2555 dentatis,
1713 2511 1905 2556 leguminis

341 2556 489 2591 minoris
519 2556 626 2600 spiris
651 2558 712 2591 3-4
731 2567 798 2592 nec
821 2559 891 2601 5-7‚
917 2558 1037 2592 nervis
1068 2559 1228 2593 arcuatis
1256 2558 1431 2593 facierum
1464 2560 1603 2594 7-10nis
1631 2569 1697 2594 nec
1731 2560 1903 2594 10-16nis.

343 2603 547 2646 Specimina
565 2608 687 2638 tamen
710 2604 885 2639 nonnulla
907 2604 1068 2639 herbarii
1088 2606 1157 2640 mei
1180 2606 1274 2640 inter
1295 2616 1356 2640 eas
1377 2606 1515 2650 species
1536 2616 1579 2641 ex
1600 2605 1905 2641 determinatione

344 2649 457 2693 ipsius
476 2649 520 2684 cl.
543 2650 782 2695 monographi
806 2651 1032 2686 intermedia.
1056 2652 1142 2687 Ideo
1163 2651 1287 2687 forsan
1307 2654 1465 2688 varietas
1491 2654 1612 2697 potius
1633 2663 1740 2697 quam
1763 2654 1906 2698 species

346 2696 527 2732 distincta.
542 2697 671 2732 Variat
691 2698 803 2741 spinis
824 2698 993 2734 brevibus
1011 2704 1046 2734 et
1067 2699 1257 2744 elongatis.

392 2758 460 2794 Ar.
482 2759 625 2804 Googr.
647 2762 686 2796 P.
707 2762 747 2796 Β.
767 2763 861 2806 Spei.

232 2893 320 2939 104,
353 2890 424 2931 M.
447 2891 669 2940 ciliaris,
691 2891 800 2934 adde
822 2906 830 2933 :

346 2976 486 3067 (ΑΗἝΙ).
516 2977 565 3068 in)
584 2977 746 3022 AEgypto
778 2978 825 3013 ad
854 2979 1061 3014 Damiatam
1090 2979 1301 3025 (Ehrenb.l)
1336 2986 1371 3015 et
1403 2981 1439 3015 in
1468 2980 1575 3015 cultis
1607 2980 1743 3016 Oaseos
1783 2991 1906 3025 parvae

398 3034 434 3058 sc
465 3034 532 3058 ers.
571 3051 578 3058 .
