2094 3351
228 252 297 287 240
936 262 1190 286 ‹NAumkll-LR.
1676 253 1892 299 Epilobium.

229 333 298 366 Pug.

231 388 320 432 746,
354 386 410 424 E.
434 385 814 433 crassiiolium,
836 383 945 425 adde
967 398 975 424 2

395 472 486 505 Hab.
508 482 649 515 quoque
669 473 703 505 in
725 472 884 506 Caucaso
905 472 1057 506 centrali
1077 472 1122 506 ad
1145 473 1292 507 Kasbek
1314 480 1349 508 et
1371 473 1461 507 Lars
1482 473 1665 518 (Rehm.!).

230 630 320 673 746,
355 628 409 665 E.
433 627 707 666 hirsutum
729 629 764 667 0.
784 631 1151 668 tomentosum
1175 641 1183 668 ς
1209 627 1344 679 Hujus
1363 627 1558 679 frequens
1578 632 1643 670 est
1658 634 1792 670 torma
1806 629 1902 670 bra-

335 679 556 732 chyphylla
577 680 682 720 foliis
702 651 956 720 abbreviatis
978 680 1165 731 oblongis
1187 680 1251 720 vel
1272 680 1480 732 ellipticis.

231 848 320 892 748,
355 847 409 885 E.
433 849 795 897 tetragonum,
818 846 926 887 adde
950 859 957 886 :

382 936 418 974 ,5.
468 932 793 985 minutiflorum.
834 957 884 962 ——
922 934 1070 975 Caule
1110 934 1337 975 obsoletius
1371 935 1535 982 lineati,
1575 935 1754 986 capsulae
1790 946 1900 987 saepe

335 988 611 1035 angustiores,
635 986 756 1027 flores
777 988 956 1027 minores
977 987 1199 1028 alabastris
1220 987 1419 1039 adpresse
1446 987 1762 1028 canescentibus
1782 987 1901 1029 obtu-

334 1039 389 1079 sis
428 1040 560 1079 ovatis
597 1040 657 1079 vel
685 1040 1023 1089 ovato-globosis.
1059 1064 1107 1067 -—
1140 1040 1190 1080 Ε.
1228 1039 1541 1091 vzznuttflorum
1574 1040 1758 1081 Haussk.
1793 1039 1898 1082 (Est.

338 1091 431 1131 Bot.
454 1093 576 1139 Zeit.,
605 1096 716 1134 1879.
741 1105 780 1144 p.
806 1097 870 1133 55.

396 1163 486 1196 Hal).
509 1165 542 1197 in
566 1164 744 1197 Anatoliae
766 1164 890 1197 insulis
914 1164 1013 1198 laesis
1044 1164 1242 1208 Beycheler
1263 1164 1297 1197 in
1327 1164 1465 1198 Isauria
1492 1163 1677 1208 (Heldnl),
1698 1165 1794 1199 valle
1811 1165 1899 1199 Boz-

349 1210 444 1253 ‹lagh
465 1211 579 1243 Tmoli
602 1212 635 1244 in
671 1210 782 1254 Lydia
814 1211 1005 1254 (BourgAE),
1036 1211 1207 1245 Anatolia
1240 1211 1407 1245 orientali
1442 1211 1592 1254 (Roehel
1625 1222 1667 1245 ex
1698 1212 1900 1256 Hanssk.!)‚

351 1259 516 1290 Armenia
540 1258 691 1291 Turrica
713 1259 746 1291 in
775 1264 895 1291 monte
914 1257 1110 1299 'reehdagh
1137 1258 1280 1301 (Calv.!)
1311 1264 1346 1291 et
1372 1258 1520 1292 Rossica
1547 1258 1593 1292 ad
1623 1258 1902 1293 Natkitchewan

350 1305 526 1346 (BullSt'Y),
548 1305 651 1348 syria
669 1305 805 1338 boreali
824 1305 868 1338 ad
889 1304 1021 1338 Aintab
1040 1305 1254 1348 (Haussk.!),
1270 1305 1507 1339 Kurdistania
1522 1306 1667 1339 Persica
1686 1306 1902 1349 ‹Haussk.!),

351 1352 469 1384 Persis·
496 1351 635 1385 boreali
667 1353 700 1385 in
728 1359 847 1385 monte
879 1351 1012 1385 Elbrus
1047 1358 1079 1386 et
1111 1363 1224 1395 prope
1255 1352 1418 1386 Derbent
1451 1353 1533 1397 (ΚΥ.
1561 1353 1676 1396 5908),
1706 1352 1903 1397 Affghania

347 1399 464 1439 (Grifl.
486 1410 559 1431 exs.
581 1400 701 1434 22221)
723 1404 758 1432 et
779 1398 823 1432 Ml
844 1399 1014 1433 Shalizan
1036 1399 1171 1435 (Aitch.
1193 1399 1308 1442 3481).

396 1463 500 1496 Nota?
522 1462 687 1496 indicata
709 1464 743 1496 in
767 1463 1020 1506 speciminibus
1048 1463 1273 1507 Affghanicis
1301 1470 1336 1498 et
1362 1464 1515 1498 Persicis
1547 1463 1788 1498 evidentiores
1807 1470 1901 1507 sunt,

349 1509 410 1543 sed
429 1510 566 1553 planta’
582 1510 737 1552 syriacae
759 1517 794 1543 et
814 1511 1014 1544 Anatolicze
1028 1511 1220 1544 transitum
1239 1511 1284 1544 ad
1305 1510 1456 1544 formam
1476 1511 1633 1555 typicam
1654 1511 1698 1545 Ε.
1720 1512 1903 1555 tetragoni

349 1556 523 1599 praebent.
544 1556 681 1590 Eadem
701 1558 858 1591 varietas
876 1558 910 1590 in
931 1558 1060 1591 Rossia
1081 1558 1232 1592 australi
1253 1557 1299 1592 ad
1319 1559 1474 1601 Sarepta
1502 1558 1656 1601 (Becker
1669 1558 1702 1602 !),
1728 1559 1764 1592 in
1791 1559 1899 1594 Soon-

349 1604 451 1647 garia
470 1603 676 1646 (Schrenkl)
693 1614 834 1647 quoque
852 1605 992 1638 crescit.

231 1755 322 1804 749,
356 1754 410 1793 Ε.
436 1754 731 1793 obscurum
755 1765 764 1792 ε

394 1843 472 1876 Huc
497 1854 539 1876 ex
561 1843 605 1876 cl.
628 1843 682 1876 W.
707 1842 851 1886 Bai-bey
872 1842 1066 1877 referenda
1089 1843 1285 1886 specimina
1309 1854 1353 1877 ex
1379 1844 1526 1887 regione
1547 1844 1706 1878 abietina
1733 1844 1902 1878 Parnassi

348 1890 485 1932 (Heldr.
504 1890 640 1934 26841),
662 1900 705 1924 ex
726 1890 886 1934 Taygeto
905 1890 951 1924 ad
972 1890 1200 1924 Lokkomata
1214 1890 1357 1933 (Heldr.
1378 1892 1489 1927 279!).
1510 1891 1603 1925 Huic
1623 1897 1662 1924 ut
1683 1901 1904 1935 synonymon

348 1949 490 1981 quoque
511 1937 758 1971 adducendum
782 1937 923 1970 videtur
942 1937 987 1971 Ε.
1008 1938 1241 1971 Anatozz‘cum
1255 1938 1411 1972 Haussk.
1431 1938 1522 1972 OEst.
1538 1938 1618 1972 Bot.
1634 1938 1724 1972 Zeit.
1746 1949 1780 1982 p.
1797 1940 1840 1973 59
1861 1948 1905 1973 ex

350 1985 518 2019 Anatoliii
541 1995 652 2028 prope
673 1984 837 2028 Toptcha
859 1990 894 2018 et
914 1985 1105 2018 Mersiwan
1127 1984 1315 2027 (Wiedem.
1334 1985 1371 2018 in
1392 1985 1492 2019 herb.
1514 1985 1705 2028 Petrop.!).

230 2138 321 2182 749,
356 2135 410 2174 E.
434 2145 653 2174 roseum
677 2147 684 2174 :

397 2224 473 2257 linc
508 2223 736 2257 referendum
769 2223 912 2257 videtur
947 2228 986 2257 ut
1018 2223 1133 2256 forma
1164 2221 1312 2256 floribus
1347 2222 1613 2265 submajoribus
1644 2222 1690 2256 E.
1722 2223 1903 2257 consimile

346 2271 501 2305 Haussk.
525 2271 590 2305 loc.
610 2272 680 2312 cit.,
702 2282 735 2314 p.
765 2273 809 2305 58
830 2281 872 2304 ex
899 2270 1066 2313 Toptcha
1093 2270 1275 2304 Anatoliae
1297 2269 1486 2313 (Wiedem.
1513 2270 1549 2303 in
1579 2269 1680 2303 herb.
1710 2269 1900 2312 Petrop.!).

350 2318 405 2351 Ad
448 2319 476 2354 ξ’».
512 2319 701 2352 subsessile
739 2318 930 2352 referenda
966 2318 1161 2361 specimina
1199 2317 1527 2351 Hohenackeriana
1562 2327 1581 2351 e
1619 2316 1776 2360 Georgia
1813 2317 1902 2352 Cau-

347 2366 465 2399 casica'r
500 2372 532 2399 et
568 2365 704 2399 ditione
729 2365 884 2409 Talysch
919 2365 983 2398 snb
1012 2365 1152 2398 nomine
1181 2365 1227 2398 E.
1261 2364 1379 2408 alqidi
1411 2364 1617 2398 distributa.
1650 2363 1729 2397 Huc
1760 2374 1902 2407 quoque

347 2413 431 2445 mihi
452 2420 619 2455 spectare
646 2413 811 2446 videntur
832 2413 877 2446 E.
903 2413 1089 2454 confusum
1115 2412 1269 2446 Haussk.
1295 2423 1328 2455 p.
1360 2414 1421 2445 151
1452 2422 1495 2446 ex
1527 2411 1699 2445 Armenia
1726 2410 1776 2453 (C.
1800 2410 1901 2444 Koch

348 2459 521 2540 ionwlffrb.
560 2460 718 2503 l'etrop.·
759 2467 793 2493 et
826 2460 869 2493 E.
900 2460 1095 2494 modestum
1129 2459 1285 2494 Haussk.
1321 2470 1355 2502 p.
1391 2460 1435 2492 55
1475 2469 1518 2492 ex
1553 2457 1750 2502 Affghania
1785 2456 1900 2500 (Griff.

373 2514 378 2522 ⁴
451 2515 482 2543 .ι.

349 2531 415 2539 u--1

230 2657 320 2702 749,
353 2666 426 2705 pro
447 2655 500 2694 Ε.
524 2655 736 2706 trigono
757 2666 864 2706 pone
887 2667 894 2695 :

391 2742 446 2781 E.
480 2742 918 2792 prionophyllum
951 2741 1154 2792 (Haussk.
1189 2740 1296 2782 OEst.
1331 2740 1427 2781 Bot.
1468 2740 1573 2782 Zeit.
1608 2742 1723 2788 1879,
1758 2751 1799 2792 p.
1834 2738 1902 2790 58)

334 2794 629 2842 estolonosum,
664 2794 893 2835 rhizoinate
930 2794 1045 2835 brevi
1080 2794 1262 2846 obliquo,
1301 2793 1420 2834 caule
1457 2796 1597 2834 erecto
1631 2792 1806 2844 simplici
1839 2791 1904 2833 vel

335 2859 514 2897 superne
551 2849 698 2888 stricte
734 2847 942 2888 ramuloso
983 2848 1106 2888 tereti
1150 2847 1268 2888 lineis
1307 2846 1480 2887 elevatis
1517 2845 1703 2904 pilosulis
1741 2848 1901 2904 notato,

336 2900 441 2940 foliis
479 2901 678 2951 oppositis
716 2900 929 2941 sessilibus
965 2900 1055 2940 basi
1096 2899 1334 2940 rotundatis
1376 2898 1727 2950 ovato-oblongis
1770 2901 1904 2938 acutis

335 2958 377 2993 et
414 2953 697 3004 superioribus
729 2954 979 2994 acuminatis
1013 2956 1163 3005 argute
1195 2951 1647 2994 serrato-denticulatis
1685 2950 1904 3009 denticulis

335 3006 497 3047 callosis
535 3007 671 3046 antico
710 3007 891 3047 curvatis
929 3006 1078 3047 subtus
1116 3005 1169 3046 ad
1211 3016 1358 3046 nervos
1395 3003 1693 3056 pilosiusculis,
1733 3002 1903 3044 floribus
