2115 3250
197 217 318 252 Iberis.
912 225 1133 250 CRUOEFERAE.
1826 215 1873 249 59

196 296 266 330 Pag.

197 352 287 398 333,
319 349 492 389 Iberis
512 348 934 398 sempervirens‚
957 346 1065 387 adde
1085 358 1175 399 syn.
1201 359 1209 387 :
1233 346 1274 387 I.
1296 346 1513 387 serrulam
1533 346 1620 387 Vis.
1643 346 1704 387 Fl.
1729 346 1871 387 Dalm.

300 401 377 450 III,
399 413 441 453 p.
467 404 538 442 111
561 404 604 442 et
624 399 770 452 Suppl.
792 400 880 441 tab.
904 399 1004 440 VIII
1024 411 1116 451 quae
1136 411 1189 440 ne
1208 400 1389 440 varietas
1410 398 1593 451 quidem.

198 543 288 588 335,
322 541 361 580 Ι.
385 541 625 589 odorata,
648 539 757 580 adde
779 552 787 580 :

360 627 454 662 Hab.
474 628 511 662 in
532 628 639 673 Cypri
659 628 833 662 montosis
854 627 901 662 ad
920 627 1097 672 Kythraea
1118 627 1222 667 (Sint.
1243 631 1278 661 et
1297 626 1389 670 Rigo
1402 626 1435 669 !).

197 764 288 809 336,
318 761 643 801 Brossardia
663 764 867 809 retusa,
891 760 1026 801 adde:

361 849 454 884 Hab.
473 849 508 883 in
530 855 650 883 monte
670 849 731 883 Pir
750 849 861 884 Omar
882 848 1033 883 Gudrun
1052 848 1299 883 Kurdistaniae
1317 848 1473 882 Persicae
1493 849 1596 881 5000'
1618 847 1833 891 (Haussk.!).

198 984 288 1029 338,
322 981 639 1021 crenularia
659 981 969 1029 umbellam,
993 980 1102 1021 adde
1124 993 1132 1020 :

318 1070 509 1160 (HHab.ki11'
527 1070 700 1114 lapidosis
717 1070 911 1104 cacuminis
930 1070 1062 1104 montis
1082 1069 1205 1104 Kellal
1227 1069 1371 1103 ditionis
1386 1069 1592 1103 Bachtiaris
1609 1068 1744 1102 Persiae
1762 1067 1878 1102 occid.

368 1127 451 1151 auss
482 1123 536 1158 ..).

201 1256 291 1299 340,
323 1256 418 1304 post
440 1252 742 1303 capsellam
762 1253 990 1292 bursam
1010 1251 1251 1303 pastoris
1271 1251 1408 1291 insere
1430 1264 1438 1291 2

359 1339 413 1379 C.
453 1338 661 1378 rubella
700 1338 843 1386 (Reut.
881 1337 991 1378 Bull.
1027 1337 1120 1378 Soc.
1160 1337 1273 1378 Hall.
1317 1338 1449 1385 1854),
1487 1336 1593 1376 foliis
1623 1335 1878 1376 radicalibus

304 1390 816 1443 runcinato-pinnatifidis,
834 1391 1007 1432 caulinis
1027 1391 1286 1438 auriculatis‚
1302 1390 1453 1442 petalis
1471 1389 1654 1442 calycem
1671 1388 1879 1429 rubellum

303 1444 370 1484 vix
399 1443 709 1492 excedentibus,
732 1444 902 1485 siliculis
934 1444 1072 1495 parvis
1102 1442 1611 1495 triangulari-obcordatis
1640 1442 1731 1482 basi
1759 1441 1879 1481 valde

304 1497 536 1537 attenuatis
563 1496 667 1537 lobis
688 1497 927 1537 rotundatis
947 1495 1067 1537 valde
1088 1496 1402 1548 divergentibus
1424 1498 1487 1544 Θ.
1509 1495 1574 1536 An
1601 1494 1755 1546 speciei
1775 1506 1881 1546 prae-

309 1549 494 1590 cedentis
514 1550 724 1590 varietas?

362 1620 456 1654 Hab.
477 1621 513 1654 in
534 1620 687 1655 collibus
707 1621 840 1655 Atticae
861 1620 1001 1662 (Heldr.
1014 1621 1047 1664 !),
1068 1620 1115 1655 ad
1132 1620 1274 1655 radices
1293 1620 1424 1654 montis
1444 1620 1544 1654 Ziria
1562 1618 1737 1663 (Orph.!).

364 1682 430 1716 Ar.
464 1682 605 1726 Geogr.
626 1684 787 1728 Europa,
809 1683 936 1718 Africa
953 1684 1123 1718 borealis.

202 1820 292 1861 340,
326 1818 380 1857 C..
403 1818 751 1868 grandissora,
774 1817 883 1858 adde
902 1817 1012 1858 locos
1036 1830 1045 1858 ε

319 1887 505 1978 (Hllffioliji
525 1887 571 1922 ad
597 1887 898 1931 Missolunghion,
924 1888 1129 1932 Eurytania
1149 1888 1185 1922 in
1206 1887 1383 1932 glareosis
1412 1886 1585 1921 torrentis
1614 1885 1661 1920 ad
1685 1884 1880 1928 Karpenisi

370 1944 388 1968 e
431 1945 506 1968 r...

202 2081 292 2126 341,
323 2081 419 2130 post
441 2079 493 2118 C.
516 2079 964 2129 procumbentem
985 2079 1121 2120 insere
1144 2091 1152 2119 ε

363 2166 416 2205 C.
440 2166 706 2216 puberula
729 2165 879 2218 (Rupr.
908 2165 971 2206 Fl.
1003 2165 1130 2206 Cauc.
1159 2178 1201 2217 p.
1233 2165 1324 2216 128)
1351 2165 1502 2217 pusilla
1528 2176 1638 2204 uana
1663 2163 1886 2216 puberulo-

307 2217 523 2269 papillosa,
538 2216 646 2259 foliis
660 2218 915 2270 subintegris
930 2219 1063 2259 ovatis
1078 2218 1142 2259 vel
1156 2218 1346 2270 oblongis
1360 2219 1403 2259 in
1416 2217 1618 2270 petiolum
1633 2216 1880 2263 attenuatis,

306 2271 482 2311 racemis
519 2270 612 2312 laxe
649 2275 693 2311 et
730 2271 1072 2312 subumbellatim
1113 2270 1350 2319 3-4-floris,
1389 2270 1603 2323 pedicellis
1642 2269 1885 2310 divaricatis

309 2323 575 2374 capillaribus
603 2324 766 2365 silicula
784 2324 1055 2376 longioribus,
1078 2324 1248 2365 siliculis
1266 2324 1510 2365 orbiculatis
1530 2323 1702 2364 minutis
1722 2322 1883 2362 obtusis

307 2376 507 2427 stigmate
526 2377 659 2417 sessili
679 2377 915 2429 apiculatis‚
938 2377 1111 2418 valvulis
1132 2377 1362 2418 nervulosis
1383 2379 1447 2426 Θ.

366 2446 460 2480 Hab.
477 2447 514 2480 in
533 2447 716 2490 speluncis
735 2448 879 2491 rupium
900 2447 1148 2482 calcarearum
1163 2448 1319 2482 Awariae
1335 2447 1541 2482 Caucasicae
1555 2447 1649 2481 inter
1664 2445 1881 2481 Chundsach

322 2498 357 2527 et
377 2493 519 2528 Kar-ata
538 2496 643 2528 6000‘
673 2494 798 2538 (Rupr.
811 2495 846 2539 !).

366 2557 540 2591 Plantula
558 2558 833 2602 1-3-pollicaris,
850 2557 887 2593 0.
898 2559 1107 2602 paucislorae
1120 2558 1223 2593 Koch
1238 2569 1380 2602 quoque
1399 2557 1654 2601 speluncicolae
1671 2556 1807 2599 similis,
1820 2556 1884 2590 sed

322 2604 418 2647 pube
433 2604 578 2639 furcata
597 2606 800 2648 praesertim
818 2616 921 2640 secus
934 2616 1115 2640 racemum
1131 2606 1250 2640 obsita
1261 2616 1328 2640 nec
1341 2605 1574 2649 glaberrima,
1589 2604 1741 2639 siliculae
1756 2608 1887 2638 exacte

322 2650 534 2686 orbiculatae
554 2662 621 2687 nec
637 2658 768 2686 ovatae.

206 2789 296 2834 343,
327 2785 670 2827 AEthionema
691 2787 1056 2838 caespitosum‚
1080 2786 1189 2828 adde
1211 2800 1219 2827 :

325 2872 462 2963 (BHlag.
486 2873 523 2906 in
546 2873 664 2908 latere
687 2874 963 2917 septentrionali
989 2874 1121 2909 montis
1149 2873 1466 2918 Bousdouandagh
1496 2874 1601 2908 Ponti
1626 2874 1748 2909 Lazici
1780 2876 1884 2909 7000‘

371 2929 392 2953 a
412 2946 435 2953 ..
456 2946 463 2953 .

369 2983 517 3026 septum
537 2988 729 3027 angustum
749 2984 992 3018 acutissimum
1014 2984 1050 3018 in
1070 2984 1200 3029 stylum
1219 2989 1460 3019 attenuatum.
1480 2985 1646 3019 Valvulae
1667 2985 1886 3020 lanceolata?

324 3031 383 3063 5-5
403 3029 437 3067 'lz
460 3029 520 3064 lin.
540 3030 657 3074 longae
677 3030 809 3065 lineam
824 3031 922 3065 latae.
