2115 3250
243 224 444 271 Dalberyc'a.
953 235 1203 260 Lacufflnosnz.
1848 229 1911 263 197

243 304 312 338 fag.

403 357 462 395 D.
486 355 669 395 Sissoo
691 355 843 403 (Roxb.
867 354 989 395 Hort.
1019 355 1150 406 Beng.
1180 356 1247 400 53)
1276 356 1465 404 arborea,
1489 358 1613 397 ramis
1641 358 1909 406 tomentellis,

348 407 494 448 foliolis
516 411 582 448 3-5
602 407 860 458 longiuscule
879 407 1134 459 petiolulatis
1153 408 1308 460 glabris
1330 408 1458 449 firmis
1478 410 1610 449 ovatis
1628 409 1806 461 abrupte
1823 422 1913 451 cus-

376 459 514 508 idatis,
537 460 712 500 racemis
733 460 1244 512 corymboso-paniculatis
1266 461 1506 502 axillaribus
1527 462 1622 502 folio
1636 462 1909 509 brevioribus,

346 472 554 564 legumine
579 513 769 563 stipitato
796 512 1139 563 oblongo-lineari
1165 512 1255 554 basi
1282 518 1502 554 attenuato
1529 514 1678 555 obtuso
1706 515 1797 556 laevi
1826 516 1912 567 gla-

346 565 421 605 bro
453 565 479 616 5
496 597 505 605 .
528 564 741 605 Beddome
761 564 824 605 Fl.
848 563 959 616 Sylv.
983 565 1071 606 tab.
1095 568 1159 606 25.

384 635 762 727 dligzlbbadgnaffsses
779 635 967 670 fluviorum
990 642 1025 671 et
1045 637 1243 671 rivulorum
1260 638 1295 672 in
1316 638 1411 672 valle
1426 638 1562 672 Kuram
1578 638 1781 682 Affghaniae
1800 650 1913 683 usque

359 693 380 717 a
518 685 528 698 '
600 689 648 717 1tc
679 710 684 716 .
707 710 713 717 .

403 743 471 779 Ar.
487 744 631 788 Geogr.
653 746 768 780 India.

235 881 330 926 630,
360 882 455 929 post
477 878 913 929 Keyserlinqiam
938 879 1193 918 Griffithii
1214 879 1349 920 insere
1372 892 1379 919 :

401 966 463 1005 K.
486 966 665 1005 mollis
685 965 832 1017 (Royle
851 965 914 1006 Ill.
944 965 1032 1006 tab.
1062 969 1125 1014 52,
1155 966 1226 1018 fig.
1255 970 1278 1007 2
1304 967 1380 1008 sub
1409 967 1683 1018 Edwardsz'ci)
1713 967 1914 1009 fruticosa

344 1018 510 1059 humilis
543 1017 741 1070 adpresse
769 1018 881 1059 hirta
908 1030 1145 1067 canescens,
1174 1018 1282 1060 foliis
1319 1020 1564 1071 10-121jugis
1597 1020 1745 1061 foliolis
1779 1021 1912 1062 ovatis

345 1070 407 1111 vel
435 1070 623 1122 oblongis
644 1071 840 1112 coriaceis
866 1071 1040 1118 obtusis,
1069 1072 1244 1113 racemis
1273 1072 1468 1113 brevibus
1495 1072 1785 1114 confertifloris
1815 1078 1913 1114 ante

343 1123 439 1164 folia
465 1123 654 1171 evolutis,
685 1124 836 1176 calycis
865 1124 1038 1164 velutini
1068 1124 1263 1165 dentibus
1291 1125 1545 1166 brevissimis
1577 1126 1662 1166 late
1692 1132 1735 1167 et
1765 1126 1915 1168 obtuse

342 1176 686 1228 triangularibus,
716 1177 867 1228 petalis
888 1177 1010 1217 luteis
1032 1177 1188 1229 glabris
1209 1177 1350 1230 calyce
1376 1178 1608 1230 quadruplo
1639 1178 1910 1230 longioribus,

343 1229 562 1281 leguminis
581 1229 773 1282 puberuli
793 1229 980 1270 articulis
997 1233 1064 1271 5-6
1080 1230 1199 1271 valde
1219 1231 1494 1282 strangulatis
1514 1232 1648 1272 ovatis
1665 1232 1740 1272 alis
1761 1244 1914 1283 angus-

345 1282 397 1323 tis
417 1282 747 1323 membranaceis
768 1283 946 1335 crispule
962 1282 1126 1334 plicatis
1159 1284 1211 1334 Β.

403 1353 496 1388 Hab.
513 1354 549 1388 in
565 1354 698 1397 pinetis
715 1354 820 1388 vallis
841 1354 976 1388 Kuram
998 1353 1204 1398 Affghaniae
1221 1354 1387 1389 2-10000‘
1406 1355 1540 1398 (Aitch.
1561 1357 1604 1389 93
1616 1357 1651 1396 ἱ).

404 1417 521 1451 Valde
556 1417 728 1451 distincta
762 1427 783 1451 a
817 1418 865 1452 K.
904 1417 1083 1460 Grifsithii
1117 1418 1220 1461 cujus
1252 1418 1499 1452 indumentum
1534 1420 1912 1463 sericeo-argenteum,

357 1464 485 1498 foliola
502 1465 641 1498 minora
662 1469 698 1498 et
717 1465 919 1508 praesertim
942 1465 1129 1508 leguminis
1150 1465 1294 1499 articuli
1314 1471 1440 1500 tenues
1455 1466 1616 1509 elongati
1637 1466 1783 1510 oblongi
1800 1468 1911 1501 utrin-

356 1523 425 1555 que
445 1512 624 1546 attenuati
642 1517 677 1546 et
698 1512 816 1555 potius
834 1511 1077 1556 quadranguli
1094 1523 1200 1555 quam
1221 1512 1390 1547 distincte
1413 1513 1515 1547 alati.
1538 1513 1679 1548 Genera
1700 1513 1858 1548 Goebelia
1878 1522 1913 1548 et

355 1559 610 1604 Keyserlinyia
629 1564 798 1593 caeterum
819 1559 854 1593 in
874 1559 1002 1593 Benth.
1025 1564 1060 1593 et
1079 1559 1194 1594 Hook.
1214 1559 1301 1594 Gen.
1320 1559 1366 1594 ad
1387 1559 1582 1604 Sophoram
1598 1566 1827 1595 revocantur.

403 1622 469 1655 Ar.
489 1621 631 1664 Geogr.
654 1622 758 1656 India
777 1622 1183 1657 boreali-occidentalis.

607 1822 956 1862 SUBORDO
1008 1823 1126 1862 111.
1180 1823 1536 1863 MIMOSEAE

233 1986 327 2031 633,
360 1984 617 2035 Prosopis
641 1984 1025 2034 Stephaniana,
1048 1983 1157 2024 adde
1179 1997 1187 2024 ε

402 2072 494 2106 Hab.
521 2072 557 2106 in
584 2071 669 2106 Oasi
695 2073 825 2116 magna
857 2072 1011 2116 AEgypti
1039 2072 1292 2117 (Schweinf.!)‚
1323 2073 1503 2108 Farafreh
1531 2073 1762 2117 (Aschers.!).
1793 2074 1910 2108 Locus

354 2119 505 2164 AEgypti
521 2118 649 2153 mediae
669 2118 716 2153 ad
733 2119 867 2163 Girgeh
889 2125 924 2153 et
944 2119 1092 2154 Kosseir
1112 2120 1244 2154 citatus
1264 2120 1366 2164 prob.
1387 2131 1570 2155 erroneus.

233 2254 326 2299 638,
358 2263 433 2303 pro
454 2252 651 2292 Acacia
671 2254 924 2302 rupestre
945 2251 1038 2292 lerre
1060 2264 1068 2292 ε
1094 2253 1152 2292 A.
1180 2253 1411 2304 Seneqal
1430 2252 1572 2293 Willd.
1598 2252 1686 2305 Sp„
1710 2253 1782 2300 IV,
1811 2257 1909 2294 1077

341 2315 490 2345 nomen
511 2304 723 2355 antiquius
740 2323 786 2336 Ξ
808 2303 966 2345 Acacia
985 2284 1116 2346 florele
1136 2304 1263 2346 Guill.
1287 2310 1329 2346 et
1349 2305 1465 2346 Perr.
1489 2305 1550 2346 Fl.
1575 2305 1743 2358 Seueg.,
1764 2306 1796 2355 I,
1815 2311 1906 2354 245,

342 2357 428 2398 tab.
453 2360 502 2398 56
524 2376 570 2390 —-
592 2356 778 2398 Mimo-sa
798 2356 1090 2409 Seneqalensis
1112 2357 1231 2399 Lam.
1254 2358 1384 2408 Diet„
1407 2358 1440 2407 Ι,
1467 2362 1528 2400 19.

400 2425 467 2461 Ar.
489 2426 630 2470 Geogr.
651 2428 764 2471 Regio
782 2427 911 2463 Scinde
930 2428 1053 2472 Indiae,
1071 2429 1103 2463 N
1108 2428 1191 2463 ubia
1209 2430 1387 2474 superior,
1409 2430 1611 2473 senegalia.

656 2628 863 2668 ORDO
916 2629 1070 2668 XLI.
1128 2629 1484 2669 ROSACEAE

233 2788 327 2832 641,
360 2787 696 2838 Amyqdalus
718 2789 1024 2828 communis
1047 2801 1056 2828 :

401 2875 457 2909 Ex
493 2875 682 2910 Aitchison
724 2876 801 2911 Cat.
840 2877 966 2911 Journ.
993 2877 1096 2912 Linn.
1127 2879 1217 2922 Soc.‚
1250 2880 1350 2922 1881,
1378 2880 1547 2923 gregaria
1579 2884 1614 2913 et
1641 2885 1843 2922 spontanea
1875 2879 1910 2913 in

354 2921 832 3004 nglllelolliucrgznmegxiffigrhaniae
851 2924 945 2959 inter
965 2924 1139 2959 Shendtoi
1159 2932 1195 2960 et
1221 2925 1434 2970 Kar-atigah.
1462 2926 1593 2961 Incolis
1619 2926 1769 2960 Bedam.
1800 2927 1912 2960 Fruc-
