2115 3250
200 209 345 245 Garum.
892 220 1169 243 unssncurssnfflz.
1803 211 1871 246 257

197 289 219 316 P
259 310 266 317 .

198 298 289 392 8834,
319 347 415 396 post
437 345 486 384 C.
511 344 796 384 Persicum
815 343 952 383 insere
974 355 982 383 ε

358 432 411 470 C.
434 433 713 470 setaceum
733 428 940 481 (Schrenk
961 429 1115 469 Enum.
1138 429 1200 470 Pl.
1219 428 1324 469 Nov.
1344 442 1385 482 p.
1410 430 1478 482 61)
1500 431 1708 482 glabrum,
1731 433 1873 474 radice

305 482 489 534 globosa,
527 482 645 522 caule
677 482 792 523 tenui
827 481 936 522 elato
975 482 1217 533 corymbose
1254 494 1434 531 ramoso,
1470 482 1577 524 foliis
1608 485 1799 526 omnibus
1831 486 1874 526 in

302 535 473 575 lacinias
513 534 729 586 elongatas
768 539 956 575 setaceas
998 534 1436 586 sup1·adeconipositiS‚
1476 536 1604 578 radiis
1643 538 1874 578 numerosis

302 587 511 635 tenuibus,
549 587 749 627 involucri
788 586 1104 638 involucellique
1163 586 1285 640 hyllis
1318 587 1515 629 brevibus
1548 602 1572 629 a
1604 590 1693 630 basi
1724 590 1874 631 latiore

302 639 522 687 subulatis‚
554 639 766 691 pedicellis
797 638 937 680 fructu
970 645 1136 680 ovato-o
1169 639 1292 691 longo
1325 640 1443 692 apice
1474 642 1776 683 subattenuato
1807 643 1874 683 vix

301 691 572 784 loggioribu&
595 691 714 743 stylis
735 691 904 733 deflexis
923 692 1157 744 stylopodio
1177 692 1528 744 sublongioribus,
1552 695 1668 736 vittis
1689 695 1874 736 torulose

301 744 340 784 in
376 745 456 784 atis
483 748 540 791 Q.

358 815 450 849 Hab.
472 816 507 849 in
525 815 622 850 valle
643 815 779 850 Kuram
797 815 1002 859 Affghaniae
1025 815 1160 859 (Aitch.
1183 818 1293 859 1550.

360 880 438 914 Huc
458 879 635 917 subdubie
654 880 850 923 specimina
867 881 980 914 citata
1000 880 1122 915 radice
1143 886 1178 915 et
1198 880 1319 915 fructu
1340 887 1482 916 maturo
1505 881 1680 917 destituta
1697 883 1829 918 refero.

360 941 428 976 Ar.
453 942 595 985 Geogr.
618 943 806 987 Songaria.

352 1055 404 1094 C.
427 1055 880 1094 bulhocastanum
900 1054 942 1094 in
968 1053 1031 1095 ΕΙ.
1058 1054 1166 1095 Brit.
1188 1055 1282 1096 Ind.
1307 1068 1332 1096 a
1353 1055 1404 1097 cl.
1429 1055 1583 1098 Clarke
1601 1061 1643 1098 et
1668 1057 1709 1098 in
1730 1057 1869 1099 Aitch.

299 1107 361 1147 Fl.
400 1107 559 1148 Kuram
590 1106 737 1159 Valley
766 1106 998 1148 indicatum
1027 1111 1092 1148 est
1122 1108 1269 1159 planta
1300 1121 1325 1148 a
1354 1109 1485 1161 stirpe
1514 1109 1723 1162 Europaea
1757 1116 1872 1152 certe

299 1160 476 1209 diversa,
499 1159 573 1200 sed
591 1159 819 1212 specimina
838 1158 978 1200 fructu
999 1159 1205 1201 destituta
1225 1160 1498 1214 descriptioni
1518 1174 1600 1203 non
1620 1167 1868 1215 suppetunt.

195 1302 286 1348 890,
319 1299 604 1350 Ptychotis
625 1299 938 1347 ammoides‚
964 1299 1072 1340 adde
1094 1312 1103 1340 :

357 1388 450 1422 Hab.
470 1388 506 1422 in
525 1388 645 1422 insula
665 1387 904 1432 Cephallonia
925 1388 1067 1430 (Heldr.
1080 1389 1114 1432 i).

193 1521 284 1567 891,
316 1520 495 1559 Ammi
516 1520 711 1570 majus,
733 1519 842 1560 adde
865 1532 873 1560 :

357 1606 450 1641 Hab.
470 1607 507 1641 in
527 1606 681 1642 Oasibus
700 1607 853 1651 AEgypti
874 1606 1104 1650 (Aschers.!).

192 1736 284 1782 892,
317 1735 376 1773 A.
399 1734 653 1786 Visnaqa‚
677 1733 785 1775 adde
807 1746 815 1774 ε

358 1822 450 1856 Hab.
469 1823 503 1856 in
521 1822 684 1867 AEgypto
704 1821 876 1856 inferiore
893 1822 1116 1866 (Ehrenb.!).

193 1956 284 2002 893,
319 1954 480 1994 Sison
500 1955 804 2002 Amomum,
827 1952 935 1993 adde
959 1966 967 1994 :

356 2039 449 2074 Hab.
469 2039 515 2074 ad
533 2040 772 2084 scaturigines
791 2041 964 2074 montium
986 2040 1078 2075 Ossa
1096 2045 1132 2075 et
1151 2040 1278 2075 Pelion
1299 2040 1498 2076 Thessaliae
1519 2043 1619 2076 3000‘
1641 2042 1783 2086 (Heldr.
1796 2044 1831 2088 l).

192 2178 283 2223 895,
315 2174 572 2268 {¹153er
573 2175 916 2223 Parnassica‚
948 2173 1057 2215 adde
1083 2186 1174 2227 syn.
1199 2187 1207 2215 :
1232 2174 1421 2216 Eutimia
1445 2174 1709 2218 Parnassz'ca
1732 2176 1866 2218 Boiss.

297 2239 319 2268 e
403 2239 426 2268 e
473 2240 506 2268 r.
576 2239 632 2268 ss.

192 2369 283 2415 896,
311 2367 366 2407 Γ.
390 2370 661 2419 congesta,
686 2366 795 2408 adde
818 2380 826 2407 :

357 2453 449 2488 Hab.
470 2455 506 2488 in
525 2455 670 2498 pascuis
690 2454 890 2498 subalpinis
910 2456 1041 2489 montis
1058 2456 1154 2490 OEtae
1171 2456 1393 2490 Phthiotidis
1414 2458 1627 2491 5500-6300‘
1649 2456 1833 2502 (Heldr.!).

191 2588 282 2634 897,
312 2586 367 2626 F.
391 2585 618 2634 Cretica,
639 2585 747 2627 adde
766 2597 857 2638 syn.
880 2598 889 2626 :
911 2585 1098 2627 Butinia
1120 2585 1284 2629 Cretica
1305 2587 1439 2628 Boiss.
1463 2592 1506 2628 et
1525 2587 1672 2628 Heldr.
1699 2587 1801 2628 Mss.

193 2727 283 2772 903,
314 2728 409 2776 post
431 2725 871 2776 Chaerophyllum
893 2724 1102 2775 Meyeri
1122 2724 1259 2766 insere
1282 2738 1290 2765 ε

354 2811 444 2851 Ch.
466 2811 722 2851 villosum
744 2811 886 2862 (Wall.
910 2810 1004 2852 Cat.
1026 2834 1079 2840 —
1099 2824 1169 2852 Dc.
1198 2811 1346 2852 Prodr.
1375 2811 1448 2860 IV,
1483 2812 1578 2862 225)
1611 2813 1872 2865 monocarpi-

298 2874 407 2912 cum,
431 2863 548 2904 caule
566 2868 796 2904 retrorsum
817 2863 881 2904 vel
900 2864 1108 2915 patentim
1127 2863 1258 2915 piloso
1292 2868 1432 2905 erecto
1462 2864 1607 2916 gracili
1633 2864 1872 2906 dichotome

297 2927 475 2964 ramoso,
498 2915 605 2956 foliis
624 2916 717 2967 plus
736 2916 873 2957 minus
893 2916 1035 2968 pilosis
1055 2916 1217 2957 ambitu
1237 2917 1568 2969 triangularibus
1588 2917 1630 2957 in
1649 2922 1871 2969 segmenta

297 2969 469 3009 minima
511 2968 928 3020 oblongo-rhombea
972 2969 1147 3009 dentata
1186 2969 1474 3011 obtusiuscula
1516 2969 1868 3021 bipinnatisectis‚

1636 3038 1678 3072 17
