2094 3351
202 255 272 291 268
902 265 1177 290 umanum-zaza.
1610 253 1865 288 Peucedanum.

204 338 273 371 Pag.

322 390 367 424 ab
390 391 439 424 eis
460 389 580 424 differt
600 389 813 424 internodiis
833 389 1064 423 inferioribus
1084 399 1265 423 ramorum
1284 388 1431 423 secundi
1450 393 1484 422 et
1499 388 1598 422 tertii
1613 387 1748 422 ordinis
1766 387 1873 422 valde

322 437 542 471 abbreviatis
561 437 712 480 aliisque
733 437 826 470 notis
847 437 883 470 in
904 436 1066 480 diagnosi
1087 436 1265 470 indicatis.

207 553 321 597 1020,
353 554 447 602 post
471 552 528 590 P.
553 550 798 590 Chabraei
820 551 956 591 insere
980 562 988 590 ε

365 638 422 676 P.
438 637 464 676 ⁹?
494 637 922 688 pimpinelloides
951 636 1102 687 (Boiss.
1127 640 1169 677 et
1190 635 1394 685 Haussk.)
1415 635 1623 687 glabrum,
1648 634 1876 675 rhizomate

309 690 526 741 caespitoso
552 701 787 741 squamoso,
819 689 1006 730 caulibus
1039 689 1234 729 tenuibus
1265 688 1424 728 striatis
1457 687 1649 728 flexuosis
1680 698 1805 739 parce
1834 690 1877 727 et

311 743 546 783 ‹lichotome
575 742 762 789 ramosis,
794 741 899 782 foliis
920 741 1173 782 radicalibus
1191 741 1377 782 breviter
1395 740 1606 792 petiolatis
1627 739 1876 792 pinnatisec-

311 796 364 835 tis
385 795 594 846 5-7—jugis‚
618 795 846 846 segmentis
866 794 1201 835 subdistantibus
1229 793 1441 834 sessilibus
1470 793 1602 833 ovatis
1623 792 1811 832 cuneatis
1834 792 1877 832 in

310 852 375 888 5-7
398 848 569 888 lacinias
590 847 1042 899 oblongo-lanceolatas
1063 846 1344 887 acutiusculas
1360 845 1413 886 ad
1429 845 1611 886 medium
1630 856 1761 896 usque
1778 844 1877 884 inci-

309 901 379 948 sis,
416 899 521 940 foliis
557 900 730 940 caulinis
762 900 904 951 paucis
941 899 1096 959 petiolo
1129 899 1386 939 subdilatato
1418 896 1598 938 suffultis
1630 898 1671 938 in
1706 897 1876 937 lacinias

339 964 464 993 aucas
484 953 661 993 lineares
681 953 898 1004 elongatas
913 953 1217 1004 pinnatisectiS,
1235 951 1426 992 umbellis
1443 951 1566 1001 longe
1584 949 1877 1002 pedunculatis

322 1006 552 1046 Jrevissime
579 1010 621 1045 et
652 1005 950 1057 subaequaliter
987 1004 1264 1052 5-6-radiatis‚
1295 1003 1506 1044 involucro
1539 1002 1879 1054 involucellisque

313 1058 448 1105 nullis,
472 1058 622 1110 petalis
642 1058 746 1099 albis
768 1058 831 1098 vel
851 1058 1027 1105 carneis,
1051 1056 1188 1097 fructu
1196 1089 1294 1105 ......
1324 1060 1381 1103 21.

372 1129 464 1163 Hab.
485 1130 519 1163 in
540 1130 727 1173 graniticis
748 1130 878 1163 montis
898 1128 1039 1163 Elvend
1061 1129 1274 1172 (Haussk.!).

372 1194 500 1229 Caules
519 1194 680 1238 pedales,
700 1193 787 1228 folia
808 1196 867 1228 3-4
888 1193 1038 1237 pollices
1062 1193 1171 1237 longa
1191 1193 1385 1236 segmentis
1412 1194 1472 1226 3-5
1493 1192 1608 1226 lineas
1628 1191 1757 1235 longis,
1775 1189 1877 1225 folio-

325 1252 401 1274 rum
428 1242 652 1275 caulinorum
674 1241 813 1275 laciniae
834 1242 893 1275 5-6
919 1240 1033 1275 lineas
1054 1240 1173 1284 longae
1201 1241 1232 1280 ¹!2
1264 1240 1361 1281 latae,
1390 1239 1558 1273 umbellae
1586 1237 1757 1272 floriferae
1786 1237 1878 1272 radii

326 1291 344 1321 3
379 1288 491 1322 lineas
524 1288 631 1331 longi.
666 1288 801 1322 Habitu
832 1293 867 1322 et
901 1287 1048 1321 floribus
1073 1298 1115 1321 ex
1146 1286 1326 1321 affinitate
1353 1286 1392 1320 P.
1424 1285 1589 1322 Chabroei
1618 1295 1695 1320 esse
1724 1284 1877 1328 videtur,

326 1335 388 1369 sed
410 1335 548 1369 fructus
569 1336 725 1379 ignotus.

212 1451 325 1492 1025,
359 1449 417 1487 Ρ.
442 1449 817 1496 Caucasicum‚
841 1447 949 1488 adde
971 1460 979 1487 :

328 1582 337 1615 l
372 1538 402 1569 A
435 1536 479 1607 cli
506 1536 650 1570 Pichler
678 1537 714 1570 in
746 1536 918 1570 silvaticis
947 1535 1115 1570 abietinis
1149 1535 1305 1579 regionis
1335 1534 1537 1578 subalpinae
1563 1533 1708 1578 Olympi
1735 1531 1882 1577 Bithyni

344 1589 480 1617 ectum.

213 1707 327 1751 1026,
360 1704 413 1745 ad
434 1704 587 1745 calcem
610 1705 773 1756 generis
796 1705 1179 1746 Peucedanum
1199 1705 1336 1745 insere
1357 1717 1365 1745 :

781 1826 945 1880 Species
966 1841 1047 1868 non
1068 1826 1177 1868 satis
1197 1828 1310 1868 nota.

371 1947 429 1986 P.
463 1946 872 1987 Macedonicum
893 1946 1052 1998 (Janka
1067 1946 1189 1987 Brev.
1207 1946 1261 1995 ΙΙ,
1278 1945 1332 1986 N⁰
1347 1945 1415 1995 29)
1436 1945 1750 1998 glaberrimum‚
1768 1944 1885 1985 caule

318 1998 536 2051 (5-peda1i)
558 2000 681 2039 tereti
701 1999 851 2039 striato
873 1999 1132 2040 divaricatim
1153 2010 1332 2047 ramoso,
1356 1998 1462 2039 foliis
1481 1998 1733 2039 basilaribus
1753 1997 1886 2048 4-pin-

318 2053 533 2092 natisectis
553 2052 781 2103 segmentis
802 2052 1227 2103 oblongo-linearibus
1246 2055 1315 2093 4-5
1337 2051 1467 2092 lineas
1486 2051 1622 2103 longis
1641 2049 1885 2102 patentibus

317 2105 513 2145 coriaceis
535 2104 768 2155 apiculam,
800 2104 972 2145 caulinis
992 2104 1257 2145 inferioribus
1278 2104 1410 2145 multo
1436 2104 1573 2144 minus
1594 2102 1886 2154 decompositis

317 2170 366 2198 ex
386 2157 546 2208 vaginis
568 2157 716 2208 amplis
748 2156 947 2205 oriundis,
970 2158 1143 2198 summis
1171 2157 1223 2198 ad
1255 2157 1428 2208 vaginas
1460 2156 1660 2204 reductis,
1694 2155 1886 2196 umbellae

317 2210 444 2251 radiis
465 2213 534 2251 4-6
553 2209 907 2261 subinaequalibus
924 2209 1332 2262 (1-5-pollica1·ibus)‚
1351 2209 1563 2250 involucro
1584 2208 1712 2257 nullo,
1730 2207 1888 2248 involu-

317 2263 409 2305 celli
429 2262 579 2315 phyllis
603 2265 720 2303 10-12
742 2261 918 2303 reflexis.

379 2333 470 2368 Hah.
491 2333 526 2367 in
547 2332 700 2367 collibus
718 2333 917 2377 margaceis
934 2333 1029 2367 inter
1050 2333 1172 2366 vineas
1187 2343 1301 2376 prope
1319 2332 1513 2376 Nevrekop
1530 2329 1754 2365 Macedoniae
1773 2330 1892 2364 orien-

331 2381 415 2415 talis
438 2380 588 2424 (Janka)
612 2380 707 2423 (Non
727 2379 824 2423 vidi).

379 2446 434 2480 Ex
462 2445 505 2480 cl.
529 2450 678 2479 auctore
710 2444 749 2478 P.
780 2444 949 2478 arenario
978 2449 1014 2478 et
1046 2444 1088 2478 P.
1119 2443 1337 2488 Newmayeri
1376 2442 1485 2477 affine
1516 2442 1614 2476 illius
1646 2442 1746 2485 folia,
1780 2441 1889 2485 hujus

332 2493 473 2527 fructus
503 2491 701 2536 possidens,
728 2491 773 2525 ab
806 2498 960 2535 utroque
995 2491 1212 2525 involucello
1242 2489 1377 2525 reflexo
1405 2489 1623 2524 distinctum.
1650 2489 1740 2523 Mihi
1770 2487 1889 2532 quoad

332 2540 548 2574 affinitatem
582 2538 740 2582 dubium,
767 2549 848 2572 nam
879 2539 915 2572 in
941 2538 1183 2582 descriptione
1211 2537 1431 2580 incompleta
1460 2547 1525 2571 nec
1554 2536 1653 2570 color
1679 2535 1807 2569 florum
1825 2545 1890 2570 nec

333 2587 471 2621 fructus
492 2586 723 2620 characteres
743 2585 961 2620 indicantur.

218 2704 333 2747 1030,
364 2701 679 2751 Tordylium
705 2700 1011 2750 Syriacum,
1035 2698 1168 2740 adde:

382 2788 474 2823 Hab.
492 2789 528 2822 in
549 2789 667 2833 Cypro
689 2799 799 2831 supra
820 2787 997 2832 Kythraea
1016 2788 1119 2830 (Sint.
1139 2792 1174 2821 et
1195 2786 1334 2830 Rigot).

220 2908 336 2950 1032,
368 2909 462 2957 post
482 2906 534 2944 T.
560 2904 976 2954 Hasselquistiae
997 2903 1133 2944 insere
1156 2916 1163 2944 :

377 2992 428 3030 T.
452 2991 814 3042 pustulosum,
838 2994 973 3030 totum
1002 2989 1147 3030 setulis
1173 2989 1325 3030 conicis
1352 2988 1606 3040 asperulum,
1633 2986 1750 3028 caule
1778 2986 1893 3026 tenui
