2115 3250
243 227 430 262 Rhamma.
970 236 1166 259 nnAiuxnAE.
1837 226 1903 261 157

238 308 306 342 Pag.

341 361 509 402 brevem
543 358 793 400 abeuntibus
831 358 1010 409 primum
1049 358 1289 399 tenuissime
1321 359 1514 399 velutinis
1562 358 1656 398 dein
1701 358 1906 410 glabratis

342 412 620 463 integerrimis
641 412 802 451 minute
822 410 1274 462 pellucido-punctatis,
1298 410 1468 451 floribus
1494 410 1547 451 ad
1570 423 1755 462 gemmas
1785 410 1906 451 fasci-

341 465 488 506 culatis
508 463 718 516 pedieellis
735 463 792 504 cis
808 462 1143 514 sublongioribus
1164 463 1357 503 velutinis
1378 462 1572 511 suffultis,
1593 463 1775 514 drupa...
1805 475 1830 513 5
1848 495 1856 503 .

399 534 491 569 Hab.
529 534 574 568 ad
607 533 723 568 Ouadi
762 534 828 567 Tin
867 539 901 567 et
939 533 985 567 ad
1023 533 1153 567 Galala
1193 534 1326 568 deserti
1367 533 1763 578 AEgyptiaco-Arabici
1802 535 1907 567 3300'

352 581 598 623 <Schweinf.!).
619 581 674 614 Fl.
696 581 826 624 Aprili.

398 646 503 680 Folia
522 645 649 680 adulta
667 647 686 678 3
701 645 757 679 vel
773 646 830 678 vix
852 647 872 678 4
893 645 1007 679 lineas
1028 645 1147 688 longa.
1165 644 1294 678 Differt
1316 644 1361 677 ab
1384 644 1483 678 affini
1504 644 1572 678 Rh.
1592 644 1786 678 Palm-timi
1809 644 1907 677 foliis

351 693 466 727 crenis
486 692 738 736 glanduliferis
759 692 952 726 destitutis.
976 692 1178 734 Specimina
1205 692 1346 726 Sinaiva
1372 692 1540 734 (Schimp.
1569 702 1642 725 exs.
1670 693 1751 733 266)
1780 691 1904 724 fructi-

353 740 429 774 fera
449 739 495 774 ad
515 739 583 774 Rh.
605 739 815 782 disper-mam
837 739 1088 772 verosimiliter
1108 738 1298 772 referenda
1318 745 1410 771 sunt.

265 875 324 918 17,
358 872 453 910 Rh.
477 871 715 918 Persica,
738 869 847 910 adde
870 882 878 910 ε

398 958 489 992 Hah.
508 959 542 992 in
564 958 660 991 valle
677 957 814 991 Kuram
838 956 1041 1000 Affghaniae
1063 957 1156 991 inter
1177 957 1269 990 Thal
1293 962 1328 990 et
1348 957 1517 991 Shalizan
1541 957 1702 998 (Aitch.).

263 1093 322 1138 18,
355 1094 449 1142 post
470 1091 566 1129 Rh.
591 1089 904 1130 tinctoriam
924 1089 1060 1130 insere
1083 1101 1090 1129 :

391 1177 487 1215 Rh.
509 1176 832 1216 intermedia
852 1174 1018 1226 (Steud.
1042 1183 1084 1216 et
1104 1175 1278 1215 Hocbst.
1295 1176 1334 1215 in
1352 1174 1475 1215 Flora
1493 1177 1606 1222 1827,
1630 1187 1671 1226 p.
1695 1174 1762 1225 74)
1778 1176 1906 1215 ramis

337 1229 505 1280 patulis,
534 1229 705 1269 ramulis
735 1228 904 1268 tandem
935 1228 1280 1279 spiiiescentibus,
1311 1227 1417 1268 foliis
1448 1227 1639 1279 ellipticis
1669 1228 1732 1267 vel
1762 1227 1906 1267 subro-

337 1281 477 1322 tundis
512 1281 919 1322 crenato-serrulatis
952 1280 1190 1331 subglabris
1222 1281 1625 1321 reticulato-venosis
1657 1279 1811 1331 petiolo
1848 1281 1907 1320 eis

337 1334 473 1386 :3-4plo
500 1334 690 1374 breviore
721 1333 885 1385 stipulis
917 1333 1228 1385 subaequilongo
1261 1333 1464 1385 puberulo
1500 1332 1694 1380 suffultis,
1734 1331 1906 1373 floribus

336 1387 577 1427 axillaribus
607 1387 749 1438 paucis
779 1386 843 1426 vel
872 1385 1140 1433 fasciculatis,
1176 1386 1326 1438 ca1yeis
1355 1386 1513 1426 laciniis
1547 1385 1908 1437 triangulari-lan-

336 1440 520 1487 ceolatis,
544 1440 693 1491 petalis
714 1442 893 1491 anguste
910 1438 1167 1486 lanceolatis,
1191 1438 1325 1491 drupei
1351 1440 1526 1479 exsucca
1546 1438 1725 1478 obovata
1754 1438 1906 1490 calycis

334 1493 424 1533 basi
462 1492 702 1543 persistenti
741 1492 992 1544 planissimae
1028 1491 1249 1539 insidente,
1286 1491 1454 1531 seminis
1492 1491 1599 1531 rima
1639 1490 1781 1530 clausa
1813 1491 1904 1531 basi

333 1545 533 1597 apiceque
552 1545 741 1596 margine
761 1544 1033 1592 cartilagineo
1054 1544 1191 1584 cincta
1215 1558 1239 1595 5
1258 1576 1266 1584 .
1290 1543 1375 1584 Rlz.
1401 1541 1624 1595 insectorz'a
1646 1543 1762 1584 Koch
1784 1542 1901 1595 Syn.,

335 1597 467 1638 Rchb.
493 1609 571 1637 non
592 1597 639 1637 L.
663 1620 714 1625 -
734 1597 820 1638 Rlz.
851 1595 1074 1648 infedoria
1101 1609 1188 1636 var.
1210 1596 1434 1649 pubescens
1455 1595 1564 1637 Gris.
1590 1595 1700 1647 Spic.
1732 1595 1764 1644 Ι,
1800 1597 1906 1637 15οῬ

334 1674 383 1678 -
405 1650 490 1691 ΕΙι.
515 1649 738 1690 Adriatico
759 1649 876 1690 Jord.
900 1649 1000 1690 Obs.
1025 1652 1180 1700 (1849).

392 1719 485 1754 Hab.
504 1720 538 1753 in
557 1720 655 1754 silvis
675 1720 806 1753 montis
826 1719 892 1753 Ida
909 1730 1023 1762 prope
1042 1719 1223 1753 Kareikos
1244 1718 1398 1752 Troadis
1418 1719 1520 1761 (Sint.
1538 1720 1651 1759 6391).

392 1785 446 1818 De
466 1785 534 1818 hac
554 1785 673 1827 specie
688 1783 812 1817 confer
830 1784 873 1817 cl.
890 1784 1008 1827 Freyn
1026 1783 1117 1817 OEst.
1133 1783 1207 1817 bot.
1226 1783 1316 1817 Zeit.
1335 1784 1435 1825 1876,
1450 1793 1483 1826 p.
1502 1784 1580 1816 261.
1598 1783 1696 1817 Vera
1709 1782 1780 1817 Rh.
1793 1783 1905 1825 infec-

344 1832 439 1865 toria
459 1831 504 1865 L.
522 1830 644 1865 differt
664 1831 807 1864 seminis
826 1831 917 1864 rima
937 1841 957 1864 a
978 1830 1095 1864 medio
1117 1833 1257 1873 aperta,
1276 1829 1372 1864 foliis
1390 1829 1671 1873 angustioribus,
1693 1835 1760 1864 ete.

364 1894 623 1976 ‘lAn-Geogr.
643 1895 840 1938 Dalmatia,
864 1895 1126 1938 Hercegovina,
1152 1895 1309 1938 Croatia,
1335 1894 1472 1937 Serbia‚
1495 1895 1684 1937 Hungaria
1713 1901 1749 1929 et
1771 1895 1904 1928 Trans-

344 1953 372 1977 ει
391 1953 498 1977 vania
517 1953 603 1977 mer.

256 2076 316 2121 19,
352 2074 447 2113 Rh.
477 2073 793 2121 cathartica,
826 2072 933 2113 adde
959 2084 1049 2125 syn.
1076 2087 1084 2114 z
1114 2072 1201 2113 Rh.
1233 2071 1487 2113 Dahuricus
1514 2071 1652 2113 Aitch.
1683 2072 1725 2112 in
1751 2071 1901 2113 Journ.

330 2125 451 2166 Linn.
475 2125 568 2167 Soc.
588 2125 742 2173 XVIII,
762 2137 844 2165 non
865 2125 968 2165 Pall.

388 2214 480 2248 Hab.
499 2214 535 2248 in
555 2214 653 2248 silvis
675 2214 780 2248 vallis
804 2213 941 2247 Kuram
959 2213 1167 2257 Affghaniae
1188 2213 1324 2256 (Aitch.
1345 2215 1456 2255 7031).

367 2279 591 2359 flSpecimina
616 2279 758 2313 omnino
788 2278 833 2312 ad
863 2278 931 2312 Rh.
950 2278 1184 2312 catharticum
1201 2289 1266 2313 nec
1286 2277 1332 2312 ad
1362 2278 1430 2312 Rh.
1458 2278 1681 2312 Dahuricam
1707 2277 1904 2312 referenda

342 2337 374 2360 vi
404 2331 521 2360 entur.

253 2457 315 2504 19,
348 2456 445 2496 Rh.
470 2455 803 2503 Libanotica,
827 2454 935 2495 adde
957 2467 965 2494 ε
989 2453 1085 2495 Bot.
1109 2454 1223 2507 Mag.
1247 2454 1335 2495 tab.
1360 2457 1477 2495 6721.

250 2596 314 2642 21,
345 2596 441 2645 post
462 2594 559 2634 Rh.
581 2593 974 2644 microcarpam
994 2593 1156 2634 insere:

384 2680 480 2719 Rh.
502 2690 778 2730 purpurea
799 2678 989 2731 (Edgew.
1013 2678 1163 2720 Trans.
1186 2678 1307 2720 Linn.
1333 2678 1424 2720 Soc.
1448 2679 1540 2726 XX,
1570 2691 1612 2731 p.
1635 2679 1703 2728 44)
1724 2678 1903 2720 arborea

327 2732 512 2779 inermis,
535 2730 641 2772 foliis
659 2731 848 2784 oblongis
863 2732 1112 2772 acuminatis
1133 2732 1351 2773 seri-ulatis
1367 2731 1602 2784 ziunioribus
1617 2731 1726 2783 pube
1742 2731 1905 2772 caduca

327 2784 490 2825 vestitis
510 2783 681 2825 tandem
702 2783 920 2836 glabratis‚
943 2783 1114 2825 floribus
1135 2788 1202 2826 2-3
1224 2784 1464 2825 axillaribus
1484 2784 1696 2836 pedicellis
1717 2784 1775 2824 eis
1804 2784 1902 2824 sub-

327 2836 583 2888 longioribus
614 2835 809 2885 suffultis,
842 2837 993 2889 calycis
1027 2836 1222 2878 dentibus
1252 2838 1401 2886 acutis,
1435 2837 1585 2889 petalis
1619 2837 1755 2884 nullis,
1791 2836 1902 2888 stylo

327 2889 557 2942 tripartito,
581 2888 724 2941 drupis
743 2888 923 2941 globosis
957 2902 981 2940 5
999 2921 1008 2929 .

386 2959 480 2994 Hah.
498 2959 534 2994 in
551 2959 646 2994 valle
664 2959 800 2993 Kuram
824 2959 1029 3003 Affghaniae
1050 2960 1144 2994 inter
1161 2959 1333 2995 Shendtoi
1356 2965 1391 2994 et
1411 2960 1580 2995 Shalizan
1604 2959 1738 3002 (Aitch.
1757 2961 1826 2993 379
1839 2961 1875 2997 1).

387 3022 453 3056 Ar.
475 3021 619 3065 Geogr.
640 3022 833 3067 Himalaya
852 3023 1097 3057 occidentalis.
