<?xml version="1.0" encoding="UTF-8"?>
<!DOCTYPE html PUBLIC "-//W3C//DTD XHTML 1.0 Transitional//EN"
    "http://www.w3.org/TR/xhtml1/DTD/xhtml1-transitional.dtd">
<html xmlns="http://www.w3.org/1999/xhtml" xml:lang="en" lang="en">
 <head>
  <title>
</title>
<meta http-equiv="Content-Type" content="text/html;charset=utf-8" />
  <meta name='ocr-system' content='tesseract 3.04.00' />
  <meta name='ocr-capabilities' content='ocr_page ocr_carea ocr_par ocr_line ocrx_word'/>
</head>
<body>
  <div class='ocr_page' id='page_1' title='image "./floraorientaliss00bois_0223.png"; bbox 0 0 2115 3250; ppageno 0'>
   <div class='ocr_carea' id='block_1_1' title="bbox 214 218 1884 270">
    <p class='ocr_par' dir='ltr' id='par_1_1' title="bbox 214 218 1884 270">
     <span class='ocr_line' id='line_1_1' title="bbox 214 218 1884 270; baseline -0.007 -10"><span class='ocrx_word' id='word_1_1' title='bbox 214 225 436 270; x_wconf 71' lang='lat' dir='ltr'>Astrayalns.</span> <span class='ocrx_word' id='word_1_2' title='bbox 926 230 1179 256; x_wconf 71' lang='lat' dir='ltr'>LEGUMINOSAE.</span> <span class='ocrx_word' id='word_1_3' title='bbox 1821 218 1884 254; x_wconf 74' lang='lat'>181</span> 
     </span>
    </p>
   </div>
   <div class='ocr_carea' id='block_1_2' title="bbox 212 307 284 340">
    <p class='ocr_par' dir='ltr' id='par_1_2' title="bbox 212 307 284 340">
     <span class='ocr_line' id='line_1_2' title="bbox 212 307 284 340; baseline 0 -7"><span class='ocrx_word' id='word_1_4' title='bbox 212 307 284 340; x_wconf 83' lang='lat' dir='ltr'>Pag.</span> 
     </span>
    </p>
   </div>
   <div class='ocr_carea' id='block_1_3' title="bbox 213 353 825 407">
    <p class='ocr_par' dir='ltr' id='par_1_3' title="bbox 213 353 825 407">
     <span class='ocr_line' id='line_1_3' title="bbox 213 353 825 407; baseline -0.01 -8"><span class='ocrx_word' id='word_1_5' title='bbox 213 361 307 406; x_wconf 80' lang='lat'>299,</span> <span class='ocrx_word' id='word_1_6' title='bbox 338 359 396 397; x_wconf 76' lang='lat' dir='ltr'>A.</span> <span class='ocrx_word' id='word_1_7' title='bbox 420 366 663 407; x_wconf 85' lang='lat' dir='ltr'>sparsus,</span> <span class='ocrx_word' id='word_1_8' title='bbox 686 353 795 394; x_wconf 86' lang='lat' dir='ltr'>adde</span> <span class='ocrx_word' id='word_1_9' title='bbox 817 366 825 393; x_wconf 89' lang='lat'>:</span> 
     </span>
    </p>
   </div>
   <div class='ocr_carea' id='block_1_4' title="bbox 380 438 1835 484">
    <p class='ocr_par' dir='ltr' id='par_1_4' title="bbox 380 438 1835 484">
     <span class='ocr_line' id='line_1_4' title="bbox 380 438 1835 484; baseline -0.004 -6"><span class='ocrx_word' id='word_1_10' title='bbox 380 444 472 478; x_wconf 83' lang='lat' dir='ltr'>Hah.</span> <span class='ocrx_word' id='word_1_11' title='bbox 491 443 537 478; x_wconf 87' lang='lat' dir='ltr'>ad</span> <span class='ocrx_word' id='word_1_12' title='bbox 558 444 619 477; x_wconf 88' lang='lat' dir='ltr'>Bir</span> <span class='ocrx_word' id='word_1_13' title='bbox 636 442 741 476; x_wconf 88' lang='lat' dir='ltr'>Abou</span> <span class='ocrx_word' id='word_1_14' title='bbox 758 441 880 475; x_wconf 89' lang='lat' dir='ltr'>Elfein</span> <span class='ocrx_word' id='word_1_15' title='bbox 900 441 936 474; x_wconf 94' lang='lat' dir='ltr'>in</span> <span class='ocrx_word' id='word_1_16' title='bbox 950 439 1093 475; x_wconf 88' lang='lat' dir='ltr'>deserto</span> <span class='ocrx_word' id='word_1_17' title='bbox 1110 439 1329 484; x_wconf 84' lang='lat' dir='ltr'>AEgyptiaco</span> <span class='ocrx_word' id='word_1_18' title='bbox 1347 438 1393 472; x_wconf 87' lang='lat' dir='ltr'>ad</span> <span class='ocrx_word' id='word_1_19' title='bbox 1408 439 1519 483; x_wconf 78' lang='lat' dir='ltr'>Syriae</span> <span class='ocrx_word' id='word_1_20' title='bbox 1534 438 1622 473; x_wconf 82' lang='lat' dir='ltr'>fines</span> <span class='ocrx_word' id='word_1_21' title='bbox 1637 438 1835 483; x_wconf 55' lang='lat' dir='ltr'>(Barbeyh.</span> 
     </span>
    </p>
   </div>
   <div class='ocr_carea' id='block_1_5' title="bbox 215 599 986 650">
    <p class='ocr_par' dir='ltr' id='par_1_5' title="bbox 215 599 986 650">
     <span class='ocr_line' id='line_1_5' title="bbox 215 599 986 650; baseline -0.001 -9"><span class='ocrx_word' id='word_1_22' title='bbox 215 606 307 650; x_wconf 74' lang='lat'>303,</span> <span class='ocrx_word' id='word_1_23' title='bbox 339 603 398 641; x_wconf 85' lang='lat' dir='ltr'>A.</span> <span class='ocrx_word' id='word_1_24' title='bbox 420 602 824 648; x_wconf 84' lang='lat' dir='ltr'>leucacanthus,</span> <span class='ocrx_word' id='word_1_25' title='bbox 847 599 955 641; x_wconf 88' lang='lat' dir='ltr'>adde</span> <span class='ocrx_word' id='word_1_26' title='bbox 977 612 986 640; x_wconf 89' lang='lat'><strong>:</strong></span> 
     </span>
    </p>
   </div>
   <div class='ocr_carea' id='block_1_6' title="bbox 334 684 1890 779">
    <p class='ocr_par' dir='ltr' id='par_1_6' title="bbox 334 684 1890 779">
     <span class='ocr_line' id='line_1_6' title="bbox 334 684 1890 779; baseline -0.002 -56"><span class='ocrx_word' id='word_1_27' title='bbox 334 689 469 770; x_wconf 59' lang='lat' dir='ltr'>AHlab.</span> <span class='ocrx_word' id='word_1_28' title='bbox 509 700 544 779; x_wconf 58' lang='lat'>¹³31</span> <span class='ocrx_word' id='word_1_29' title='bbox 582 688 734 723; x_wconf 79' lang='lat' dir='ltr'><strong>desertis</strong></span> <span class='ocrx_word' id='word_1_30' title='bbox 773 687 1171 732; x_wconf 83' lang='lat' dir='ltr'>AEgyptiaco-Lybicis</span> <span class='ocrx_word' id='word_1_31' title='bbox 1209 686 1255 720; x_wconf 86' lang='lat' dir='ltr'>ad</span> <span class='ocrx_word' id='word_1_32' title='bbox 1292 686 1422 721; x_wconf 89' lang='lat' dir='ltr'>Oasem</span> <span class='ocrx_word' id='word_1_33' title='bbox 1461 696 1627 730; x_wconf 87' lang='lat' dir='ltr'>magnam</span> <span class='ocrx_word' id='word_1_34' title='bbox 1664 684 1890 728; x_wconf 70' lang='lat' dir='ltr'>(Schweinffl</span> 
     </span>
     <span class='ocr_line' id='line_1_7' title="bbox 369 747 548 771; baseline -0.011 0"><span class='ocrx_word' id='word_1_35' title='bbox 369 747 404 771; x_wconf 87' lang='lat' dir='ltr'>sc</span> <span class='ocrx_word' id='word_1_36' title='bbox 436 747 520 771; x_wconf 90' lang='lat' dir='ltr'>ers..</span> <span class='ocrx_word' id='word_1_37' title='bbox 542 763 548 769; x_wconf 95' lang='lat'>.</span> 
     </span>
    </p>
   </div>
   <div class='ocr_carea' id='block_1_7' title="bbox 215 896 824 946">
    <p class='ocr_par' dir='ltr' id='par_1_7' title="bbox 215 896 824 946">
     <span class='ocr_line' id='line_1_8' title="bbox 215 896 824 946; baseline -0.003 -7"><span class='ocrx_word' id='word_1_38' title='bbox 215 901 307 946; x_wconf 82' lang='grc'>305,</span> <span class='ocrx_word' id='word_1_39' title='bbox 339 899 396 938; x_wconf 86' lang='grc' dir='ltr'>Α.</span> <span class='ocrx_word' id='word_1_40' title='bbox 419 898 666 946; x_wconf 76' lang='lat' dir='ltr'>infestUS,</span> <span class='ocrx_word' id='word_1_41' title='bbox 690 896 824 937; x_wconf 90' lang='lat' dir='ltr'>adde:</span> 
     </span>
    </p>
   </div>
   <div class='ocr_carea' id='block_1_8' title="bbox 379 981 1798 1027">
    <p class='ocr_par' dir='ltr' id='par_1_8' title="bbox 379 981 1798 1027">
     <span class='ocr_line' id='line_1_9' title="bbox 379 981 1798 1027; baseline -0.002 -9"><span class='ocrx_word' id='word_1_42' title='bbox 379 984 470 1018; x_wconf 87' lang='lat' dir='ltr'>Hab.</span> <span class='ocrx_word' id='word_1_43' title='bbox 489 985 524 1018; x_wconf 91' lang='lat' dir='ltr'>in</span> <span class='ocrx_word' id='word_1_44' title='bbox 540 984 637 1018; x_wconf 89' lang='lat' dir='ltr'>valle</span> <span class='ocrx_word' id='word_1_45' title='bbox 656 983 793 1018; x_wconf 86' lang='lat' dir='ltr'>Kuram</span> <span class='ocrx_word' id='word_1_46' title='bbox 808 983 1013 1027; x_wconf 87' lang='lat' dir='ltr'>Affghaniae</span> <span class='ocrx_word' id='word_1_47' title='bbox 1034 982 1080 1017; x_wconf 88' lang='lat' dir='ltr'>ad</span> <span class='ocrx_word' id='word_1_48' title='bbox 1101 982 1281 1017; x_wconf 85' lang='lat' dir='ltr'>Biankhel</span> <span class='ocrx_word' id='word_1_49' title='bbox 1301 982 1435 1026; x_wconf 87' lang='lat' dir='ltr'>(Aitch.</span> <span class='ocrx_word' id='word_1_50' title='bbox 1459 982 1560 1025; x_wconf 84' lang='lat'>1213)</span> <span class='ocrx_word' id='word_1_51' title='bbox 1581 981 1677 1025; x_wconf 88' lang='lat' dir='ltr'>(Non</span> <span class='ocrx_word' id='word_1_52' title='bbox 1697 981 1798 1026; x_wconf 82' lang='lat' dir='ltr'>vidi).</span> 
     </span>
    </p>
   </div>
   <div class='ocr_carea' id='block_1_9' title="bbox 214 1139 990 1191">
    <p class='ocr_par' dir='ltr' id='par_1_9' title="bbox 214 1139 990 1191">
     <span class='ocr_line' id='line_1_10' title="bbox 214 1139 990 1191; baseline -0.004 -9"><span class='ocrx_word' id='word_1_53' title='bbox 214 1144 307 1189; x_wconf 81' lang='grc'>306,</span> <span class='ocrx_word' id='word_1_54' title='bbox 339 1141 398 1180; x_wconf 90' lang='grc' dir='ltr'>Α.</span> <span class='ocrx_word' id='word_1_55' title='bbox 421 1140 828 1191; x_wconf 77' lang='lat' dir='ltr'>raphiodontu5‚</span> <span class='ocrx_word' id='word_1_56' title='bbox 851 1139 961 1180; x_wconf 87' lang='lat' dir='ltr'>adde</span> <span class='ocrx_word' id='word_1_57' title='bbox 983 1151 990 1179; x_wconf 94' lang='lat'>:</span> 
     </span>
    </p>
   </div>
   <div class='ocr_carea' id='block_1_10' title="bbox 380 1225 1894 1271">
    <p class='ocr_par' dir='ltr' id='par_1_10' title="bbox 380 1225 1894 1271">
     <span class='ocr_line' id='line_1_11' title="bbox 380 1225 1894 1271; baseline -0.002 -8"><span class='ocrx_word' id='word_1_58' title='bbox 380 1229 472 1263; x_wconf 86' lang='lat' dir='ltr'>Hab.</span> <span class='ocrx_word' id='word_1_59' title='bbox 494 1229 540 1263; x_wconf 88' lang='lat' dir='ltr'>ad</span> <span class='ocrx_word' id='word_1_60' title='bbox 557 1228 866 1263; x_wconf 86' lang='lat' dir='ltr'>Zabardastkalla</span> <span class='ocrx_word' id='word_1_61' title='bbox 886 1228 992 1262; x_wconf 86' lang='lat' dir='ltr'>vallis</span> <span class='ocrx_word' id='word_1_62' title='bbox 1012 1227 1150 1262; x_wconf 90' lang='lat' dir='ltr'>Kuram</span> <span class='ocrx_word' id='word_1_63' title='bbox 1173 1226 1379 1271; x_wconf 83' lang='lat' dir='ltr'>Affghaniae</span> <span class='ocrx_word' id='word_1_64' title='bbox 1401 1226 1534 1269; x_wconf 87' lang='lat' dir='ltr'>(Aitch.</span> <span class='ocrx_word' id='word_1_65' title='bbox 1558 1226 1661 1270; x_wconf 82' lang='lat'>1214)</span> <span class='ocrx_word' id='word_1_66' title='bbox 1686 1226 1782 1270; x_wconf 88' lang='lat' dir='ltr'>(Non</span> <span class='ocrx_word' id='word_1_67' title='bbox 1793 1225 1894 1269; x_wconf 88' lang='lat' dir='ltr'>vidi).</span> 
     </span>
    </p>
   </div>
   <div class='ocr_carea' id='block_1_11' title="bbox 213 1378 1894 1432">
    <p class='ocr_par' dir='ltr' id='par_1_11' title="bbox 213 1378 1894 1432">
     <span class='ocr_line' id='line_1_12' title="bbox 213 1378 1894 1432; baseline -0.002 -8"><span class='ocrx_word' id='word_1_68' title='bbox 213 1387 306 1432; x_wconf 87' lang='lat'>307,</span> <span class='ocrx_word' id='word_1_69' title='bbox 337 1384 395 1422; x_wconf 83' lang='lat' dir='ltr'>A.</span> <span class='ocrx_word' id='word_1_70' title='bbox 422 1382 818 1423; x_wconf 81' lang='lat' dir='ltr'>Grahamianus</span> <span class='ocrx_word' id='word_1_71' title='bbox 840 1393 889 1422; x_wconf 84' lang='lat' dir='ltr'>ex</span> <span class='ocrx_word' id='word_1_72' title='bbox 909 1381 1046 1422; x_wconf 87' lang='lat' dir='ltr'>Hook.</span> <span class='ocrx_word' id='word_1_73' title='bbox 1069 1381 1131 1422; x_wconf 88' lang='lat' dir='ltr'>Fl.</span> <span class='ocrx_word' id='word_1_74' title='bbox 1156 1381 1262 1421; x_wconf 85' lang='lat' dir='ltr'>Brit.</span> <span class='ocrx_word' id='word_1_75' title='bbox 1282 1380 1391 1428; x_wconf 88' lang='lat' dir='ltr'>Ind.,</span> <span class='ocrx_word' id='word_1_76' title='bbox 1414 1380 1469 1429; x_wconf 92' lang='lat' dir='ltr'>II,</span> <span class='ocrx_word' id='word_1_77' title='bbox 1492 1392 1533 1432; x_wconf 91' lang='lat' dir='ltr'>p.</span> <span class='ocrx_word' id='word_1_78' title='bbox 1560 1382 1731 1421; x_wconf 80' lang='lat'>13411011</span> <span class='ocrx_word' id='word_1_79' title='bbox 1752 1378 1894 1420; x_wconf 88' lang='lat' dir='ltr'>differt</span> 
     </span>
    </p>
   </div>
   <div class='ocr_carea' id='block_1_12' title="bbox 319 1432 1895 1541">
    <p class='ocr_par' dir='ltr' id='par_1_12' title="bbox 319 1432 1895 1541">
     <span class='ocr_line' id='line_1_13' title="bbox 326 1432 1895 1487; baseline -0.001 -12"><span class='ocrx_word' id='word_1_80' title='bbox 326 1436 376 1476; x_wconf 87' lang='lat' dir='ltr'>ab</span> <span class='ocrx_word' id='word_1_81' title='bbox 400 1437 459 1475; x_wconf 90' lang='lat' dir='ltr'>A.</span> <span class='ocrx_word' id='word_1_82' title='bbox 482 1436 845 1486; x_wconf 82' lang='lat' dir='ltr'>polyacantho</span> <span class='ocrx_word' id='word_1_83' title='bbox 867 1434 997 1487; x_wconf 87' lang='lat' dir='ltr'>Royle</span> <span class='ocrx_word' id='word_1_84' title='bbox 1016 1446 1098 1475; x_wconf 91' lang='lat' dir='ltr'>non</span> <span class='ocrx_word' id='word_1_85' title='bbox 1118 1434 1243 1474; x_wconf 90' lang='lat' dir='ltr'>Wall.</span> <span class='ocrx_word' id='word_1_86' title='bbox 1273 1434 1438 1474; x_wconf 87' lang='lat' dir='ltr'>nomine</span> <span class='ocrx_word' id='word_1_87' title='bbox 1464 1432 1656 1485; x_wconf 86' lang='lat' dir='ltr'>specifico</span> <span class='ocrx_word' id='word_1_88' title='bbox 1682 1433 1895 1485; x_wconf 87' lang='lat' dir='ltr'>antiquius</span> 
     </span>
     <span class='ocr_line' id='line_1_14' title="bbox 319 1485 1891 1541; baseline -0.001 -13"><span class='ocrx_word' id='word_1_89' title='bbox 319 1489 546 1541; x_wconf 87' lang='lat' dir='ltr'>proposito.</span> <span class='ocrx_word' id='word_1_90' title='bbox 564 1488 616 1528; x_wconf 73' lang='lat' dir='ltr'>A.</span> <span class='ocrx_word' id='word_1_91' title='bbox 638 1487 948 1540; x_wconf 71' lang='lat' dir='ltr'>polycaeanthus</span> <span class='ocrx_word' id='word_1_92' title='bbox 964 1487 1087 1529; x_wconf 89' lang='lat' dir='ltr'>Wall.</span> <span class='ocrx_word' id='word_1_93' title='bbox 1110 1491 1174 1528; x_wconf 89' lang='lat' dir='ltr'>est</span> <span class='ocrx_word' id='word_1_94' title='bbox 1193 1486 1420 1540; x_wconf 70' lang='lat' dir='ltr'>Carctgyana</span> <span class='ocrx_word' id='word_1_95' title='bbox 1438 1485 1724 1539; x_wconf 71' lang='lat' dir='ltr'>polyacantha</span> <span class='ocrx_word' id='word_1_96' title='bbox 1745 1485 1891 1538; x_wconf 85' lang='lat' dir='ltr'>Royle.</span> 
     </span>
    </p>
   </div>
   <div class='ocr_carea' id='block_1_13' title="bbox 214 1649 1076 1702">
    <p class='ocr_par' dir='ltr' id='par_1_13' title="bbox 214 1649 1076 1702">
     <span class='ocr_line' id='line_1_15' title="bbox 214 1649 1076 1702; baseline -0.001 -11"><span class='ocrx_word' id='word_1_97' title='bbox 214 1653 308 1699; x_wconf 79' lang='lat'>308,</span> <span class='ocrx_word' id='word_1_98' title='bbox 342 1653 437 1702; x_wconf 87' lang='lat' dir='ltr'>post</span> <span class='ocrx_word' id='word_1_99' title='bbox 456 1650 515 1690; x_wconf 83' lang='lat' dir='ltr'>A.</span> <span class='ocrx_word' id='word_1_100' title='bbox 540 1649 889 1690; x_wconf 83' lang='lat' dir='ltr'>cuneifolium</span> <span class='ocrx_word' id='word_1_101' title='bbox 910 1649 1046 1690; x_wconf 88' lang='lat' dir='ltr'>insere</span> <span class='ocrx_word' id='word_1_102' title='bbox 1068 1662 1076 1690; x_wconf 91' lang='lat'><strong>:</strong></span> 
     </span>
    </p>
   </div>
   <div class='ocr_carea' id='block_1_14' title="bbox 319 1735 1893 2211">
    <p class='ocr_par' dir='ltr' id='par_1_14' title="bbox 319 1735 1893 2211">
     <span class='ocr_line' id='line_1_16' title="bbox 374 1735 1893 1788; baseline -0.001 -11"><span class='ocrx_word' id='word_1_103' title='bbox 374 1739 430 1777; x_wconf 85' lang='lat' dir='ltr'>A.</span> <span class='ocrx_word' id='word_1_104' title='bbox 469 1737 799 1788; x_wconf 86' lang='lat' dir='ltr'>canispinus,</span> <span class='ocrx_word' id='word_1_105' title='bbox 834 1735 1101 1777; x_wconf 88' lang='lat' dir='ltr'>fruticulosus</span> <span class='ocrx_word' id='word_1_106' title='bbox 1133 1736 1454 1784; x_wconf 86' lang='lat' dir='ltr'>ramosissimus‚</span> <span class='ocrx_word' id='word_1_107' title='bbox 1490 1735 1655 1787; x_wconf 86' lang='lat' dir='ltr'>petiolis</span> <span class='ocrx_word' id='word_1_108' title='bbox 1694 1735 1746 1776; x_wconf 88' lang='lat' dir='ltr'>ad</span> <span class='ocrx_word' id='word_1_109' title='bbox 1779 1746 1893 1776; x_wconf 88' lang='lat' dir='ltr'>resse</span> 
     </span>
     <span class='ocr_line' id='line_1_17' title="bbox 322 1788 1891 1841; baseline 0 -12"><span class='ocrx_word' id='word_1_110' title='bbox 322 1790 436 1830; x_wconf 87' lang='lat' dir='ltr'>canis</span> <span class='ocrx_word' id='word_1_111' title='bbox 468 1790 510 1829; x_wconf 91' lang='lat' dir='ltr'>in</span> <span class='ocrx_word' id='word_1_112' title='bbox 539 1790 679 1841; x_wconf 85' lang='lat' dir='ltr'>spinas</span> <span class='ocrx_word' id='word_1_113' title='bbox 710 1793 858 1830; x_wconf 87' lang='lat' dir='ltr'>tenues</span> <span class='ocrx_word' id='word_1_114' title='bbox 886 1789 1152 1838; x_wconf 85' lang='lat' dir='ltr'>abeuntibus,</span> <span class='ocrx_word' id='word_1_115' title='bbox 1185 1788 1291 1830; x_wconf 87' lang='lat' dir='ltr'>foliis</span> <span class='ocrx_word' id='word_1_116' title='bbox 1320 1792 1480 1829; x_wconf 84' lang='lat' dir='ltr'>remote</span> <span class='ocrx_word' id='word_1_117' title='bbox 1508 1788 1718 1840; x_wconf 79' lang='lat' dir='ltr'>G-S-jugis,</span> <span class='ocrx_word' id='word_1_118' title='bbox 1759 1788 1891 1829; x_wconf 90' lang='lat' dir='ltr'>oliolis</span> 
     </span>
     <span class='ocr_line' id='line_1_18' title="bbox 319 1841 1892 1894; baseline 0 -12"><span class='ocrx_word' id='word_1_119' title='bbox 319 1842 501 1882; x_wconf 87' lang='lat' dir='ltr'>minimis</span> <span class='ocrx_word' id='word_1_120' title='bbox 520 1842 775 1893; x_wconf 86' lang='lat' dir='ltr'>petiolulatis</span> <span class='ocrx_word' id='word_1_121' title='bbox 796 1842 983 1883; x_wconf 85' lang='lat' dir='ltr'>obovatis</span> <span class='ocrx_word' id='word_1_122' title='bbox 1000 1843 1152 1883; x_wconf 88' lang='lat' dir='ltr'>retusis</span> <span class='ocrx_word' id='word_1_123' title='bbox 1173 1853 1300 1894; x_wconf 86' lang='lat' dir='ltr'>supra</span> <span class='ocrx_word' id='word_1_124' title='bbox 1321 1841 1477 1893; x_wconf 79' lang='lat' dir='ltr'>glabris</span> <span class='ocrx_word' id='word_1_125' title='bbox 1496 1841 1644 1882; x_wconf 83' lang='lat' dir='ltr'><strong>subtus</strong></span> <span class='ocrx_word' id='word_1_126' title='bbox 1661 1845 1892 1893; x_wconf 68' lang='grc'>0111100501-</span> 
     </span>
     <span class='ocr_line' id='line_1_19' title="bbox 322 1893 1892 1947; baseline 0 -12"><span class='ocrx_word' id='word_1_127' title='bbox 322 1896 395 1935; x_wconf 88' lang='lat' dir='ltr'>tim</span> <span class='ocrx_word' id='word_1_128' title='bbox 418 1895 607 1947; x_wconf 78' lang='lat' dir='ltr'>margine</span> <span class='ocrx_word' id='word_1_129' title='bbox 629 1895 825 1947; x_wconf 89' lang='lat' dir='ltr'>adpresse</span> <span class='ocrx_word' id='word_1_130' title='bbox 848 1894 1028 1943; x_wconf 79' lang='lat' dir='ltr'>hirtulis,</span> <span class='ocrx_word' id='word_1_131' title='bbox 1051 1895 1215 1946; x_wconf 87' lang='lat' dir='ltr'>stipulis</span> <span class='ocrx_word' id='word_1_132' title='bbox 1238 1895 1376 1946; x_wconf 86' lang='lat' dir='ltr'>parvis</span> <span class='ocrx_word' id='word_1_133' title='bbox 1396 1894 1550 1946; x_wconf 89' lang='lat' dir='ltr'>petiolo</span> <span class='ocrx_word' id='word_1_134' title='bbox 1572 1893 1753 1942; x_wconf 87' lang='lat' dir='ltr'>adnatis,</span> <span class='ocrx_word' id='word_1_135' title='bbox 1776 1905 1892 1935; x_wconf 89' lang='lat' dir='ltr'>race-</span> 
     </span>
     <span class='ocr_line' id='line_1_20' title="bbox 320 1946 1888 1996; baseline 0 -8"><span class='ocrx_word' id='word_1_136' title='bbox 320 1949 397 1988; x_wconf 87' lang='lat' dir='ltr'>mis</span> <span class='ocrx_word' id='word_1_137' title='bbox 417 1948 658 1988; x_wconf 82' lang='lat' dir='ltr'>axillaribus</span> <span class='ocrx_word' id='word_1_138' title='bbox 679 1947 971 1988; x_wconf 90' lang='lat' dir='ltr'>subsessilibus</span> <span class='ocrx_word' id='word_1_139' title='bbox 992 1947 1207 1996; x_wconf 86' lang='lat' dir='ltr'>2-4-floris‚</span> <span class='ocrx_word' id='word_1_140' title='bbox 1230 1947 1412 1988; x_wconf 80' lang='lat' dir='ltr'>bracteis</span> <span class='ocrx_word' id='word_1_141' title='bbox 1438 1947 1609 1987; x_wconf 87' lang='lat' dir='ltr'>minutis</span> <span class='ocrx_word' id='word_1_142' title='bbox 1630 1946 1888 1996; x_wconf 89' lang='lat' dir='ltr'>lanceolatis,</span> 
     </span>
     <span class='ocr_line' id='line_1_21' title="bbox 321 1999 1892 2053; baseline 0 -12"><span class='ocrx_word' id='word_1_143' title='bbox 321 2001 472 2052; x_wconf 86' lang='lat' dir='ltr'>calycis</span> <span class='ocrx_word' id='word_1_144' title='bbox 496 2000 769 2041; x_wconf 88' lang='lat' dir='ltr'>ebracteolati</span> <span class='ocrx_word' id='word_1_145' title='bbox 795 2000 1104 2041; x_wconf 79' lang='lat' dir='ltr'>membranacei</span> <span class='ocrx_word' id='word_1_146' title='bbox 1125 2000 1323 2053; x_wconf 85' lang='lat' dir='ltr'>adpresse</span> <span class='ocrx_word' id='word_1_147' title='bbox 1342 1999 1487 2040; x_wconf 79' lang='lat' dir='ltr'>hii-tuli</span> <span class='ocrx_word' id='word_1_148' title='bbox 1509 1999 1704 2040; x_wconf 82' lang='lat' dir='ltr'>dentibus</span> <span class='ocrx_word' id='word_1_149' title='bbox 1725 2000 1892 2041; x_wconf 87' lang='lat' dir='ltr'>lineari-</span> 
     </span>
     <span class='ocr_line' id='line_1_22' title="bbox 320 2052 1892 2105; baseline 0.001 -12"><span class='ocrx_word' id='word_1_150' title='bbox 320 2054 497 2094; x_wconf 90' lang='lat' dir='ltr'>setaceis</span> <span class='ocrx_word' id='word_1_151' title='bbox 536 2053 706 2094; x_wconf 88' lang='lat' dir='ltr'>dimidio</span> <span class='ocrx_word' id='word_1_152' title='bbox 741 2053 843 2094; x_wconf 84' lang='lat' dir='ltr'>tubo</span> <span class='ocrx_word' id='word_1_153' title='bbox 880 2054 1152 2105; x_wconf 82' lang='lat' dir='ltr'>longioribus,</span> <span class='ocrx_word' id='word_1_154' title='bbox 1189 2054 1337 2094; x_wconf 77' lang='lat' dir='ltr'>vexillo</span> <span class='ocrx_word' id='word_1_155' title='bbox 1376 2053 1522 2105; x_wconf 90' lang='lat' dir='ltr'>glabro</span> <span class='ocrx_word' id='word_1_156' title='bbox 1558 2052 1892 2094; x_wconf 88' lang='lat' dir='ltr'>carneo-rubello</span> 
     </span>
     <span class='ocr_line' id='line_1_23' title="bbox 320 2105 1892 2159; baseline 0.001 -13"><span class='ocrx_word' id='word_1_157' title='bbox 320 2106 460 2158; x_wconf 87' lang='lat' dir='ltr'>calyce</span> <span class='ocrx_word' id='word_1_158' title='bbox 479 2106 820 2158; x_wconf 87' lang='lat' dir='ltr'>sesquilongiore,</span> <span class='ocrx_word' id='word_1_159' title='bbox 850 2106 1059 2158; x_wconf 88' lang='lat' dir='ltr'>legumine</span> <span class='ocrx_word' id='word_1_160' title='bbox 1079 2107 1257 2159; x_wconf 87' lang='lat' dir='ltr'>oblongo</span> <span class='ocrx_word' id='word_1_161' title='bbox 1277 2106 1427 2148; x_wconf 91' lang='lat' dir='ltr'>obtuso</span> <span class='ocrx_word' id='word_1_162' title='bbox 1453 2105 1619 2158; x_wconf 89' lang='lat' dir='ltr'>oblique</span> <span class='ocrx_word' id='word_1_163' title='bbox 1644 2109 1892 2147; x_wconf 86' lang='lat' dir='ltr'>mucronato</span> 
     </span>
     <span class='ocr_line' id='line_1_24' title="bbox 321 2159 1182 2211; baseline 0.002 -12"><span class='ocrx_word' id='word_1_164' title='bbox 321 2170 446 2210; x_wconf 90' lang='lat' dir='ltr'>parce</span> <span class='ocrx_word' id='word_1_165' title='bbox 466 2162 509 2199; x_wconf 86' lang='lat' dir='ltr'>et</span> <span class='ocrx_word' id='word_1_166' title='bbox 529 2159 727 2211; x_wconf 84' lang='lat' dir='ltr'>adpresse</span> <span class='ocrx_word' id='word_1_167' title='bbox 746 2159 857 2200; x_wconf 88' lang='lat' dir='ltr'>hirto</span> <span class='ocrx_word' id='word_1_168' title='bbox 878 2159 1097 2200; x_wconf 89' lang='lat' dir='ltr'>biloculari</span> <span class='ocrx_word' id='word_1_169' title='bbox 1131 2173 1156 2211; x_wconf 78' lang='lat'>5</span> <span class='ocrx_word' id='word_1_170' title='bbox 1173 2192 1182 2201; x_wconf 88' lang='lat'><strong><em>.</em></strong></span> 
     </span>
    </p>
   </div>
   <div class='ocr_carea' id='block_1_15' title="bbox 335 2230 1893 2322">
    <p class='ocr_par' dir='ltr' id='par_1_15' title="bbox 335 2230 1893 2322">
     <span class='ocr_line' id='line_1_25' title="bbox 381 2230 1893 2276; baseline 0.001 -12"><span class='ocrx_word' id='word_1_171' title='bbox 381 2230 473 2264; x_wconf 87' lang='lat' dir='ltr'>Hab.</span> <span class='ocrx_word' id='word_1_172' title='bbox 495 2231 531 2264; x_wconf 92' lang='lat' dir='ltr'>in</span> <span class='ocrx_word' id='word_1_173' title='bbox 552 2230 686 2264; x_wconf 85' lang='lat' dir='ltr'>ditione</span> <span class='ocrx_word' id='word_1_174' title='bbox 711 2230 847 2265; x_wconf 89' lang='lat' dir='ltr'>Kuram</span> <span class='ocrx_word' id='word_1_175' title='bbox 872 2230 1079 2275; x_wconf 83' lang='lat' dir='ltr'>Affghaniae</span> <span class='ocrx_word' id='word_1_176' title='bbox 1107 2231 1241 2275; x_wconf 89' lang='lat' dir='ltr'>(Aitch.</span> <span class='ocrx_word' id='word_1_177' title='bbox 1267 2232 1304 2266; x_wconf 90' lang='lat' dir='ltr'>in</span> <span class='ocrx_word' id='word_1_178' title='bbox 1331 2231 1433 2266; x_wconf 85' lang='lat' dir='ltr'>herb.</span> <span class='ocrx_word' id='word_1_179' title='bbox 1455 2242 1533 2266; x_wconf 91' lang='lat' dir='ltr'>meo</span> <span class='ocrx_word' id='word_1_180' title='bbox 1560 2231 1626 2266; x_wconf 91' lang='lat' dir='ltr'>sub</span> <span class='ocrx_word' id='word_1_181' title='bbox 1647 2232 1696 2266; x_wconf 91' lang='lat' dir='ltr'>N⁰</span> <span class='ocrx_word' id='word_1_182' title='bbox 1717 2233 1773 2276; x_wconf 89' lang='lat'>61,</span> <span class='ocrx_word' id='word_1_183' title='bbox 1793 2233 1839 2266; x_wconf 82' lang='lat'>80</span> <span class='ocrx_word' id='word_1_184' title='bbox 1856 2231 1893 2266; x_wconf 91' lang='lat' dir='ltr'>in</span> 
     </span>
     <span class='ocr_line' id='line_1_26' title="bbox 335 2277 1137 2322; baseline 0.001 -11"><span class='ocrx_word' id='word_1_185' title='bbox 335 2277 453 2311; x_wconf 86' lang='lat' dir='ltr'>Aitch.</span> <span class='ocrx_word' id='word_1_186' title='bbox 476 2278 551 2312; x_wconf 89' lang='lat' dir='ltr'>Cat.</span> <span class='ocrx_word' id='word_1_187' title='bbox 572 2288 638 2321; x_wconf 90' lang='lat' dir='ltr'>pro</span> <span class='ocrx_word' id='word_1_188' title='bbox 658 2278 705 2312; x_wconf 86' lang='grc' dir='ltr'>Α.</span> <span class='ocrx_word' id='word_1_189' title='bbox 725 2278 907 2322; x_wconf 76' lang='lat' dir='ltr'>Hemsleyi</span> <span class='ocrx_word' id='word_1_190' title='bbox 925 2278 1137 2322; x_wconf 88' lang='lat' dir='ltr'>indicatis!).</span> 
     </span>
    </p>
   </div>
   <div class='ocr_carea' id='block_1_16' title="bbox 380 2341 1892 2386">
    <p class='ocr_par' dir='ltr' id='par_1_16' title="bbox 380 2341 1892 2386">
     <span class='ocr_line' id='line_1_27' title="bbox 380 2341 1892 2386; baseline 0.003 -12"><span class='ocrx_word' id='word_1_191' title='bbox 380 2341 485 2375; x_wconf 87' lang='lat' dir='ltr'>Rami</span> <span class='ocrx_word' id='word_1_192' title='bbox 511 2341 762 2384; x_wconf 84' lang='lat' dir='ltr'>semipedales,</span> <span class='ocrx_word' id='word_1_193' title='bbox 788 2341 955 2386; x_wconf 86' lang='lat' dir='ltr'>legumen</span> <span class='ocrx_word' id='word_1_194' title='bbox 982 2341 1054 2382; x_wconf 77' lang='lat'>3¹!2</span> <span class='ocrx_word' id='word_1_195' title='bbox 1083 2342 1198 2377; x_wconf 87' lang='lat' dir='ltr'>lineas</span> <span class='ocrx_word' id='word_1_196' title='bbox 1224 2342 1371 2386; x_wconf 86' lang='lat' dir='ltr'>longum</span> <span class='ocrx_word' id='word_1_197' title='bbox 1391 2344 1534 2377; x_wconf 90' lang='lat' dir='ltr'>omnino</span> <span class='ocrx_word' id='word_1_198' title='bbox 1556 2343 1770 2378; x_wconf 86' lang='lat' dir='ltr'>biloculare.</span> <span class='ocrx_word' id='word_1_199' title='bbox 1792 2343 1892 2378; x_wconf 84' lang='lat' dir='ltr'>Inter</span> 
     </span>
    </p>
   </div>
   <div class='ocr_carea' id='block_1_17' title="bbox 335 2387 1894 2480">
    <p class='ocr_par' dir='ltr' id='par_1_17' title="bbox 335 2387 1894 2480">
     <span class='ocr_line' id='line_1_28' title="bbox 335 2387 1894 2434; baseline 0.003 -13"><span class='ocrx_word' id='word_1_200' title='bbox 335 2387 463 2422; x_wconf 88' lang='lat' dir='ltr'>affines</span> <span class='ocrx_word' id='word_1_201' title='bbox 492 2388 637 2432; x_wconf 90' lang='lat' dir='ltr'>petiolis</span> <span class='ocrx_word' id='word_1_202' title='bbox 666 2388 836 2423; x_wconf 88' lang='lat' dir='ltr'>tenuibus</span> <span class='ocrx_word' id='word_1_203' title='bbox 862 2389 1035 2432; x_wconf 84' lang='lat' dir='ltr'>adpresse</span> <span class='ocrx_word' id='word_1_204' title='bbox 1063 2390 1162 2425; x_wconf 87' lang='lat' dir='ltr'>canis</span> <span class='ocrx_word' id='word_1_205' title='bbox 1187 2391 1346 2424; x_wconf 86' lang='lat' dir='ltr'>tenuiter</span> <span class='ocrx_word' id='word_1_206' title='bbox 1372 2390 1660 2434; x_wconf 88' lang='lat' dir='ltr'>spinescentibus</span> <span class='ocrx_word' id='word_1_207' title='bbox 1694 2396 1729 2425; x_wconf 88' lang='lat' dir='ltr'>et</span> <span class='ocrx_word' id='word_1_208' title='bbox 1758 2389 1894 2425; x_wconf 90' lang='lat' dir='ltr'>foliolis</span> 
     </span>
     <span class='ocr_line' id='line_1_29' title="bbox 336 2434 967 2480; baseline 0.002 -11"><span class='ocrx_word' id='word_1_209' title='bbox 336 2434 470 2470; x_wconf 88' lang='lat' dir='ltr'>dissitis</span> <span class='ocrx_word' id='word_1_210' title='bbox 486 2436 640 2470; x_wconf 90' lang='lat' dir='ltr'>minimis</span> <span class='ocrx_word' id='word_1_211' title='bbox 658 2436 788 2470; x_wconf 88' lang='lat' dir='ltr'>retusis</span> <span class='ocrx_word' id='word_1_212' title='bbox 807 2437 967 2480; x_wconf 86' lang='lat' dir='ltr'>insignis.</span> 
     </span>
    </p>
   </div>
   <div class='ocr_carea' id='block_1_18' title="bbox 218 2572 1132 2623">
    <p class='ocr_par' dir='ltr' id='par_1_18' title="bbox 218 2572 1132 2623">
     <span class='ocr_line' id='line_1_30' title="bbox 218 2572 1132 2623; baseline 0.001 -11"><span class='ocrx_word' id='word_1_213' title='bbox 218 2574 311 2620; x_wconf 89' lang='lat'>310,</span> <span class='ocrx_word' id='word_1_214' title='bbox 341 2574 436 2623; x_wconf 88' lang='lat' dir='ltr'>post</span> <span class='ocrx_word' id='word_1_215' title='bbox 451 2572 510 2612; x_wconf 82' lang='lat' dir='ltr'>A.</span> <span class='ocrx_word' id='word_1_216' title='bbox 535 2572 945 2612; x_wconf 87' lang='lat' dir='ltr'>Carduchorum</span> <span class='ocrx_word' id='word_1_217' title='bbox 965 2572 1102 2613; x_wconf 93' lang='lat' dir='ltr'>insere</span> <span class='ocrx_word' id='word_1_218' title='bbox 1125 2585 1132 2613; x_wconf 92' lang='lat'>:</span> 
     </span>
    </p>
   </div>
   <div class='ocr_carea' id='block_1_19' title="bbox 320 2659 1899 3030">
    <p class='ocr_par' dir='ltr' id='par_1_19' title="bbox 320 2659 1899 3030">
     <span class='ocr_line' id='line_1_31' title="bbox 375 2659 1896 2713; baseline 0.003 -15"><span class='ocrx_word' id='word_1_219' title='bbox 375 2659 433 2699; x_wconf 84' lang='lat' dir='ltr'>A.</span> <span class='ocrx_word' id='word_1_220' title='bbox 457 2659 700 2709; x_wconf 82' lang='lat' dir='ltr'>Ajfreidii</span> <span class='ocrx_word' id='word_1_221' title='bbox 721 2659 877 2711; x_wconf 85' lang='lat' dir='ltr'>(Aitch.</span> <span class='ocrx_word' id='word_1_222' title='bbox 902 2664 945 2701; x_wconf 89' lang='lat' dir='ltr'>et</span> <span class='ocrx_word' id='word_1_223' title='bbox 964 2660 1118 2708; x_wconf 90' lang='lat' dir='ltr'>Baker,</span> <span class='ocrx_word' id='word_1_224' title='bbox 1141 2660 1289 2701; x_wconf 82' lang='lat' dir='ltr'>Journ.</span> <span class='ocrx_word' id='word_1_225' title='bbox 1316 2660 1438 2701; x_wconf 91' lang='lat' dir='ltr'>Linn.</span> <span class='ocrx_word' id='word_1_226' title='bbox 1463 2660 1573 2709; x_wconf 88' lang='lat' dir='ltr'>Soc.‚</span> <span class='ocrx_word' id='word_1_227' title='bbox 1596 2661 1711 2710; x_wconf 87' lang='lat' dir='ltr'>XIX,</span> <span class='ocrx_word' id='word_1_228' title='bbox 1733 2673 1774 2713; x_wconf 93' lang='lat' dir='ltr'>p.</span> <span class='ocrx_word' id='word_1_229' title='bbox 1801 2661 1896 2712; x_wconf 88' lang='grc'>157)</span> 
     </span>
     <span class='ocr_line' id='line_1_32' title="bbox 320 2710 1896 2766; baseline 0.003 -15"><span class='ocrx_word' id='word_1_230' title='bbox 320 2710 608 2753; x_wconf 89' lang='lat' dir='ltr'>suffruticosus</span> <span class='ocrx_word' id='word_1_231' title='bbox 629 2724 777 2761; x_wconf 86' lang='lat' dir='ltr'>nanus,</span> <span class='ocrx_word' id='word_1_232' title='bbox 797 2713 924 2753; x_wconf 85' lang='lat' dir='ltr'>ramis</span> <span class='ocrx_word' id='word_1_233' title='bbox 945 2713 1200 2754; x_wconf 83' lang='lat' dir='ltr'>abbreviatis</span> <span class='ocrx_word' id='word_1_234' title='bbox 1222 2713 1349 2754; x_wconf 90' lang='lat' dir='ltr'>dense</span> <span class='ocrx_word' id='word_1_235' title='bbox 1364 2714 1589 2766; x_wconf 87' lang='lat' dir='ltr'>pulvinatis</span> <span class='ocrx_word' id='word_1_236' title='bbox 1610 2714 1740 2766; x_wconf 86' lang='lat' dir='ltr'>spinis</span> <span class='ocrx_word' id='word_1_237' title='bbox 1759 2714 1896 2755; x_wconf 88' lang='lat' dir='ltr'>brevi-</span> 
     </span>
     <span class='ocr_line' id='line_1_33' title="bbox 321 2763 1896 2819; baseline 0.002 -15"><span class='ocrx_word' id='word_1_238' title='bbox 321 2763 398 2804; x_wconf 91' lang='lat' dir='ltr'>bus</span> <span class='ocrx_word' id='word_1_239' title='bbox 419 2765 671 2806; x_wconf 84' lang='lat' dir='ltr'>tenuissimis</span> <span class='ocrx_word' id='word_1_240' title='bbox 683 2765 843 2814; x_wconf 88' lang='lat' dir='ltr'>obsitis,</span> <span class='ocrx_word' id='word_1_241' title='bbox 859 2765 965 2806; x_wconf 90' lang='lat' dir='ltr'>foliis</span> <span class='ocrx_word' id='word_1_242' title='bbox 981 2766 1192 2818; x_wconf 77' lang='lat' dir='ltr'>2-3-J&#39;ugis,</span> <span class='ocrx_word' id='word_1_243' title='bbox 1211 2765 1358 2807; x_wconf 85' lang='lat' dir='ltr'>foliolis</span> <span class='ocrx_word' id='word_1_244' title='bbox 1377 2766 1575 2819; x_wconf 86' lang='lat' dir='ltr'>adpresse</span> <span class='ocrx_word' id='word_1_245' title='bbox 1590 2766 1762 2807; x_wconf 86' lang='lat' dir='ltr'>hirsutis</span> <span class='ocrx_word' id='word_1_246' title='bbox 1775 2767 1896 2808; x_wconf 89' lang='lat' dir='ltr'>stric-</span> 
     </span>
     <span class='ocr_line' id='line_1_34' title="bbox 326 2816 1896 2871; baseline 0.003 -15"><span class='ocrx_word' id='word_1_247' title='bbox 326 2816 379 2856; x_wconf 85' lang='lat' dir='ltr'>tis</span> <span class='ocrx_word' id='word_1_248' title='bbox 395 2817 650 2868; x_wconf 87' lang='lat' dir='ltr'>complicatis</span> <span class='ocrx_word' id='word_1_249' title='bbox 666 2817 1109 2859; x_wconf 86' lang='lat' dir='ltr'>lineari-acicularibus</span> <span class='ocrx_word' id='word_1_250' title='bbox 1130 2819 1366 2870; x_wconf 89' lang='lat' dir='ltr'>spinulosis,</span> <span class='ocrx_word' id='word_1_251' title='bbox 1384 2819 1548 2871; x_wconf 87' lang='lat' dir='ltr'>stipulis</span> <span class='ocrx_word' id='word_1_252' title='bbox 1563 2819 1734 2860; x_wconf 87' lang='lat' dir='ltr'>minutis</span> <span class='ocrx_word' id='word_1_253' title='bbox 1750 2819 1896 2860; x_wconf 89' lang='lat' dir='ltr'>deltoi-</span> 
     </span>
     <span class='ocr_line' id='line_1_35' title="bbox 326 2868 1897 2924; baseline 0.003 -15"><span class='ocrx_word' id='word_1_254' title='bbox 326 2868 413 2909; x_wconf 86' lang='lat' dir='ltr'>(leis</span> <span class='ocrx_word' id='word_1_255' title='bbox 437 2869 678 2910; x_wconf 90' lang='lat' dir='ltr'>brevissime</span> <span class='ocrx_word' id='word_1_256' title='bbox 707 2871 911 2919; x_wconf 83' lang='lat' dir='ltr'>connatis,</span> <span class='ocrx_word' id='word_1_257' title='bbox 936 2870 1106 2912; x_wconf 89' lang='lat' dir='ltr'>floribus</span> <span class='ocrx_word' id='word_1_258' title='bbox 1132 2872 1275 2924; x_wconf 83' lang='lat' dir='ltr'>paucis</span> <span class='ocrx_word' id='word_1_259' title='bbox 1305 2872 1546 2912; x_wconf 84' lang='lat' dir='ltr'>axillaribus</span> <span class='ocrx_word' id='word_1_260' title='bbox 1579 2872 1776 2913; x_wconf 84' lang='lat' dir='ltr'>solitariis</span> <span class='ocrx_word' id='word_1_261' title='bbox 1804 2871 1897 2914; x_wconf 86' lang='lat' dir='ltr'>bre-</span> 
     </span>
     <span class='ocr_line' id='line_1_36' title="bbox 324 2921 1897 2976; baseline 0.003 -15"><span class='ocrx_word' id='word_1_262' title='bbox 324 2921 488 2962; x_wconf 91' lang='lat' dir='ltr'>vissime</span> <span class='ocrx_word' id='word_1_263' title='bbox 508 2922 781 2973; x_wconf 85' lang='lat' dir='ltr'>pedicellatis,</span> <span class='ocrx_word' id='word_1_264' title='bbox 805 2923 956 2975; x_wconf 87' lang='lat' dir='ltr'>calycis</span> <span class='ocrx_word' id='word_1_265' title='bbox 977 2923 1176 2976; x_wconf 90' lang='lat' dir='ltr'>adpresse</span> <span class='ocrx_word' id='word_1_266' title='bbox 1195 2924 1315 2976; x_wconf 87' lang='lat' dir='ltr'>pilosi</span> <span class='ocrx_word' id='word_1_267' title='bbox 1341 2925 1650 2965; x_wconf 85' lang='lat' dir='ltr'>membranacei</span> <span class='ocrx_word' id='word_1_268' title='bbox 1680 2925 1897 2966; x_wconf 87' lang='lat' dir='ltr'>ebracteo-</span> 
     </span>
     <span class='ocr_line' id='line_1_37' title="bbox 324 2973 1899 3030; baseline 0.003 -16"><span class='ocrx_word' id='word_1_269' title='bbox 324 2973 400 3014; x_wconf 91' lang='lat' dir='ltr'>lati</span> <span class='ocrx_word' id='word_1_270' title='bbox 420 2974 615 3015; x_wconf 87' lang='lat' dir='ltr'>dentibus</span> <span class='ocrx_word' id='word_1_271' title='bbox 635 2975 1044 3017; x_wconf 86' lang='lat' dir='ltr'>lineari-lanceolatis</span> <span class='ocrx_word' id='word_1_272' title='bbox 1065 2977 1166 3018; x_wconf 85' lang='lat' dir='ltr'>tubo</span> <span class='ocrx_word' id='word_1_273' title='bbox 1187 2977 1310 3029; x_wconf 89' lang='lat' dir='ltr'>triplo</span> <span class='ocrx_word' id='word_1_274' title='bbox 1330 2977 1604 3026; x_wconf 88' lang='lat' dir='ltr'>brevioribus,</span> <span class='ocrx_word' id='word_1_275' title='bbox 1634 2977 1782 3018; x_wconf 81' lang='lat' dir='ltr'>vexillo</span> <span class='ocrx_word' id='word_1_276' title='bbox 1809 2976 1899 3030; x_wconf 86' lang='lat' dir='ltr'>gla-</span> 
     </span>
    </p>
   </div>
  </div>
 </body>
</html>
