2115 3250
204 242 302 277 Rosa.
943 244 1124 269 ROSACEAE.
1807 227 1876 262 213

204 322 274 355 Pag.

304 373 470 465 ,iunipre
497 369 603 411 ovali
624 372 790 410 maturo
818 369 940 408 ovato
968 374 1178 417 purpureo
1205 362 1377 415 pulposo
1397 361 1579 402 serotino
1607 359 1758 412 sepalis
1786 359 1877 400 des-

310 427 391 466 t-itu
413 435 451 464 o.

369 495 462 529 Hab.
486 495 523 528 in
548 497 668 527 monte
694 492 830 525 Parnes
856 501 911 533 pr.
937 487 1114 522 Dekeleia
1144 486 1294 521 Graeciae
1323 485 1465 525 (Heldr.
1489 484 1607 527 2616),
1634 484 1669 517 in
1697 483 1879 517 montibus

322 542 455 577 Lassiti
481 542 597 576 Cretae
620 538 787 582 (Heldr.),
808 538 904 571 circa
924 535 1121 570 Prodromo
1143 533 1251 578 Cypri
1278 532 1389 576 (Xy),
1414 533 1450 566 in
1473 531 1654 565 montibus
1680 529 1880 573 Karadagh

324 589 457 623 Persiae
478 586 639 631 (Buhse),
665 585 799 619 Elbrus
825 584 958 618 Persiae
981 582 1059 616 bor.
1081 581 1163 625 (Ky.
1190 581 1293 622 656a,
1320 581 1402 622 663)
1430 583 1465 613 et
1492 579 1586 612 inter
1614 578 1819 620 Nischapur
1845 582 1882 611 et

323 635 502 670 Mechhed
522 634 623 677 (Bge.
642 632 688 677 3).
703 651 748 655 —
765 631 894 666 Omnia
909 631 988 664 haec
1008 629 1204 672 specimina
1219 627 1243 660 f.
1262 626 1472 670 simpliciter
1492 630 1669 659 serratam
1686 637 1692 657 :
1708 624 1754 658 R.
1774 624 1883 658 Lute-

325 684 464 717 tianam
483 682 581 715 Lem.
603 681 748 722 sistunt3
769 679 898 712 ultima
919 677 988 710 duo
1009 687 1030 710 a
1050 675 1094 709 cl.
1116 674 1275 709 Boissier
1298 674 1322 707 l.
1343 684 1371 707 c.
1393 673 1439 707 ad
1459 675 1487 712 β.
1509 672 1707 706 coriaceam
1732 671 1882 705 trahun-

324 736 394 773 tur,
415 728 478 763 sed
495 728 573 762 haec
592 737 667 761 var.
688 726 788 760 nullo
809 724 914 759 modo
934 734 956 757 a
976 729 1062 768 typo
1082 721 1215 756 differt.

372 794 413 827 In
433 797 554 827 monte
574 791 701 826 Pelion
724 801 779 833 pr.
807 789 912 832 Volo,
932 787 1086 822 Malatia
1106 791 1142 821 et
1164 786 1344 820 Parnasso
1365 784 1515 818 Graeciae
1536 782 1677 822 (Heldr.
1698 781 1817 825 3211),
1837 781 1886 815 ad

325 839 571 874 Dardanellos
592 838 694 882 (Sint.
716 839 735 871 7
742 836 838 881 1612),
859 835 1004 879 Karput
1024 834 1135 879 Syriae
1154 833 1190 867 in
1208 832 1365 876 sepibus,
1383 832 1420 865 in
1437 831 1558 864 Tauro
1574 830 1698 865 Cilicio
1715 829 1826 873 (ΚΥ).
1843 848 1884 852 -

326 888 413 941 Haec
432 886 629 940 specimina
649 884 898 920 subbiserrata
917 881 1062 926 petiolis
1085 891 1196 924 parce
1215 878 1469 924 glanduliferis
1492 878 1537 912 R.
1567 877 1746 911 dunzalem
1771 875 1885 909 Bech-

327 940 419 969 stein
437 939 578 968 sxstunt.

374 998 431 1033 Ad
449 997 561 1032 Garbi
587 1007 641 1040 pr.
666 996 884 1029 Damascum
909 993 1022 1038 Syriae
1050 991 1158 1036 (Ky.),
1182 990 1205 1025 f.
1232 989 1446 1034 pedunculis
1472 988 1652 1031 dorsoque
1679 987 1887 1030 sepalorum

327 1055 437 1089 parce
453 1043 604 1088 hispidis
625 1043 672 1078 R.
692 1042 991 1086 Andeyavensem
1011 1039 1109 1073 Bast.
1129 1039 1269 1073 sistens.

375 1108 442 1143 Ar.
463 1107 605 1150 Googr.
623 1107 693 1141 Per
713 1106 897 1150 Europam
916 1115 1054 1138 omnem
1077 1108 1112 1138 et
1132 1102 1294 1137 Africam
1314 1101 1392 1135 bor.
1415 1100 1461 1135 ad
1478 1101 1603 1135 Asiam
1622 1099 1795 1133 bon-occ.

373 1258 435 1296 16.
469 1255 527 1295 R.
564 1254 757 1306 qlauca
789 1251 904 1303 (Vill.
939 1263 1006 1303 ap.
1042 1250 1153 1291 Lois.
1187 1248 1287 1290 Not.
1315 1248 1357 1288 in
1390 1248 1586 1288 Desvaux
1614 1245 1762 1287 Journ.
1791 1244 1888 1285 Bot.

319 1321 359 1349 a.
381 1310 499 1359 1809)
520 1307 659 1348 frutex
679 1303 1023 1346 homoeacanthus
1048 1315 1159 1355 saepe
1177 1301 1356 1349 1·0riduS‚
1375 1300 1529 1341 aculeis
1549 1298 1698 1340 validis
1718 1297 1893 1338 aduncis

318 1361 454 1402 rarius
473 1359 751 1407 subcurvatis‚
774 1356 1096 1409 macrophyllus‚
1119 1355 1268 1396 foliolis
1295 1358 1361 1395 5-7
1382 1353 1516 1394 ovatis
1545 1351 1718 1393 laevibus
1737 1350 1894 1402 simpli-

320 1415 425 1455 citer
443 1413 507 1454 vel
524 1412 756 1460 biserratis‚
779 1410 932 1463 petiolo
952 1409 1144 1450 aculeato
1170 1419 1296 1460 parce
1321 1405 1582 1459 glanduloso,
1605 1404 1771 1457 stipulis
1793 1403 1895 1444 dila-

320 1467 436 1515 tatis,
458 1465 629 1506 fioribus
648 1464 812 1516 magnis
831 1462 1084 1514 corymbosis
1104 1462 1240 1501 rarius
1259 1459 1456 1501 solitariis
1476 1458 1662 1499 breviter
1680 1456 1894 1509 peduncu-

321 1519 433 1568 latis‚
467 1518 712 1570 pedunculis
745 1516 928 1557 bracteis
961 1514 1147 1555 dilatatis
1182 1512 1269 1554 fere
1307 1511 1542 1559 occultatis,
1580 1509 1681 1551 flore
1717 1508 1895 1550 centrali

321 1571 508 1623 corymbi
544 1569 772 1618 subsessili‚
812 1567 1057 1621 pedunculis
1094 1565 1370 1618 receptaculis
1405 1563 1622 1615 dorsisque
1655 1562 1892 1614 sepalorum

324 1624 445 1666 nudis
465 1635 539 1665 seu
557 1634 682 1676 parce
703 1621 1018 1674 glanduligeris‚
1047 1619 1198 1671 sepalis
1224 1615 1675 1659 acuminato-caudatis
1695 1613 1896 1666 appendi-

323 1678 439 1718 cibus
472 1674 953 1717 lanceolam-linearibus
989 1672 1177 1726 praeditis
1208 1670 1285 1712 sub
1325 1669 1519 1711 anthesin
1551 1673 1594 1709 et
1628 1667 1768 1720 paullo
1799 1670 1895 1718 post

323 1729 477 1782 patulis
505 1729 601 1770 dein
627 1729 792 1776 erectis,
823 1726 977 1768 corolla
1001 1728 1193 1767 sat-urate
1218 1734 1414 1775 roseo-pu
1467 1723 1583 1770 urea,
1615 1720 1733 1773 stylis
1761 1720 1897 1760 brevi-

324 1784 401 1824 bus
421 1783 464 1823 in
483 1781 712 1834 capitulum
739 1781 1136 1822 albo-tomentosum
1160 1789 1360 1829 magnum
1386 1787 1431 1817 re
1464 1775 1584 1823 actis,
1614 1773 1782 1814 urceolo
1807 1784 1896 1813 ma-

325 1841 420 1876 turo
440 1846 593 1887 magno
611 1834 718 1875 ovali
736 1834 800 1874 vel
820 1832 1072 1884 subgloboso
1091 1843 1166 1872 seu
1185 1829 1401 1883 pyriformi
1414 1828 1590 1881 praecoci
1604 1837 1814 1880 purpureo
1830 1829 1898 1866 sat

324 1888 498 1941 pulposo
530 1887 681 1939 sepalis
708 1886 859 1927 erectis
884 1884 1286 1937 subpersistentibus
1313 1889 1526 1923 coronato.
1558 1904 1603 1911 -
1631 1880 1689 1922 R.
1717 1878 1899 1921 Reuteri

327 1941 480 1989 Godet,
505 1939 649 1992 Suppl.
672 1938 734 1980 Fl.
757 1939 849 1980 Jur.
874 1937 1030 1990 (1869).

387 2012 479 2047 Hab.
506 2013 541 2046 in
571 2016 693 2045 monte
724 2012 904 2045 Parnasso
935 2009 1085 2044 Graeciae
1116 2008 1244 2052 (Orph,
1273 2010 1378 2047 2711,
1398 2007 1422 2041 f.
1449 2005 1734 2049 subbidentata)‚
1751 2005 1787 2039 in
1804 2004 1902 2040 valle

340 2059 467 2103 Djimil
492 2059 598 2093 Ponti
625 2059 749 2092 Lazici
781 2057 874 2102 (Bal.
900 2058 979 2100 316,
1019 2056 1043 2090 f.
1081 2055 1340 2090 subbidentata
1370 2070 1412 2082 =
1445 2054 1490 2089 R.
1525 2064 1761 2097 macrocarpa
1785 2052 1901 2087 Boiss.

340 2107 396 2141 Fl.
423 2106 484 2141 Or.
504 2107 550 2150 II,
577 2107 645 2140 684
664 2125 704 2130 —
727 2110 762 2140 et
784 2107 852 2139 317
874 2104 1010 2147 eadem,
1031 2103 1094 2137 sed
1114 2103 1251 2137 aculeis
1274 2101 1435 2137 evanidis
1458 2101 1638 2135 subulatis
1663 2100 1902 2143 rectiusculis,

341 2153 555 2244 ἒξξὶιῃευὶὶε
587 2152 830 2196 receptaculis
860 2151 1066 2195 sepalisque
1096 2150 1249 2194 hispidis
1282 2165 1324 2177 =
1353 2149 1400 2184 R.
1431 2147 1663 2191 Djimilensis
1681 2148 1795 2182 Boiss.
1816 2147 1841 2181 l.
1862 2157 1904 2191 c.,

392 2264 457 2298 Ar.
477 2263 619 2306 Googr.
642 2264 791 2307 Europa
806 2263 897 2306 bor.,
913 2268 1053 2297 montes
1073 2262 1231 2305 Europae
1252 2260 1344 2296 med.
1366 2266 1402 2296 et
1420 2259 1558 2304 merid.,
1578 2259 1625 2294 ad
1645 2260 1858 2294 Caucasum.

387 2412 450 2450 17.
481 2409 503 2432 *
519 2409 578 2448 R.
602 2407 825 2448 Pouzini
845 2406 1003 2458 (Tratt.
1026 2406 1125 2447 Ros.
1147 2404 1203 2453 11,
1225 2417 1267 2457 p.
1288 2407 1377 2453 112,
1397 2416 1437 2445 a.
1458 2404 1577 2455 1823)
1593 2402 1733 2444 frutex
1751 2401 1908 2444 medio-

333 2462 413 2502 cris
437 2459 799 2508 homoeacanfflus,
822 2459 976 2500 aculeis
1003 2457 1368 2499 adunco-hamosis
1394 2457 1600 2509 elongatis
1625 2457 1684 2497 eis
1710 2455 1768 2497 R.
1791 2454 1909 2496 rubi-

326 2514 489 2567 ¹qinosae
507 2513 742 2561 simillimis,
759 2513 886 2553 ramis
906 2512 1112 2564 elongatis
1132 2510 1325 2552 flexuosis
1345 2509 1543 2551 tenuibus
1564 2508 1736 2550 novellis
1756 2508 1909 2549 rubore

334 2565 515 2613 suffusis,
545 2565 855 2618 microphyllus‚
884 2563 1033 2605 foliolis
1059 2567 1124 2605 5-7
1152 2563 1415 2615 glaberrimis
1448 2561 1591 2603 nitidis
1623 2560 1909 2603 crassiusculis

334 2619 466 2659 ovatis
489 2619 633 2660 acutis
664 2618 954 2669 irregulariter
984 2616 1202 2658 biserratis
1238 2616 1433 2656 dentibus
1465 2613 1684 2667 profundis
1718 2614 1909 2666 angustis

335 2670 530 2731 flexuosis
550 2683 575 2712 a
604 2671 849 2723 proximatis
869 2669 1071 2722 porrectis
1092 2668 1426 2716 conniventibus,
1448 2668 1491 2708 in
1511 2668 1649 2709 nervis
1670 2671 1713 2708 et
1731 2678 1843 2719 saepe
1866 2666 1912 2706 in

334 2725 490 2776 pagina
519 2736 562 2764 in
582 2724 714 2764 eriore
744 2723 840 2764 hinc
868 2722 967 2763 inde
1000 2721 1271 2774 glandulosis,
1305 2721 1461 2773 petiolo
1492 2720 1615 2761 valde
1646 2719 1838 2760 aculeato
1868 2724 1911 2760 et

338 2776 596 2828 glanduloso‚
619 2775 783 2828 stipulis
797 2775 994 2816 brevibus
1014 2774 1177 2815 modice
1192 2773 1394 2822 dilatatis,
1411 2773 1583 2814 fioribus
1597 2773 1737 2825 parvis
1751 2783 1799 2813 co
1853 2784 1913 2812 m-

336 2829 447 2869 bosis
460 2840 572 2881 saepe
590 2829 787 2869 solitariis
811 2826 1242 2880 longepedunculatis‚
1263 2826 1448 2867 bracteis
1467 2825 1728 2873 lanceolatis,
1752 2836 1806 2877 pe
1838 2836 1913 2865 un-

336 2881 428 2922 culo
456 2881 684 2933 saepissime
715 2880 923 2933 glandulis
954 2880 1157 2932 stipitatis
1188 2879 1412 2930 hispidum,
1447 2878 1615 2919 urceolo
1645 2882 1769 2919 ovato
1801 2876 1913 2918 nudo

338 2945 432 2974 raro
463 2933 685 2986 hispidum,
715 2933 868 2985 sepalis
897 2933 1018 2974 dorso
1047 2931 1135 2973 fere
1163 2931 1287 2973 nudis
1319 2930 1580 2984 pinnatifidis
1611 2928 1914 2983 appendicibus

337 2986 644 3027 sublinearibus
666 2986 919 3027 tenuissimis
940 2984 1372 3037 glanduloso-ciliatis‚
1393 2983 1545 3037 petalis
1565 2983 1738 3024 minutis
1758 2981 1915 3034 pallide
