2115 3250
246 192 404 227 Radiola.
1010 200 1139 224 ΜΝΞ.
1849 192 1914 227 137

701 402 908 442 ΟΒΒΟ
958 402 1167 441 XXIV.
1218 402 1459 441 LINEAE

247 536 339 636 1858,
372 587 593 628 Radiola
618 587 853 635 linoideS,
876 586 984 627 adde
1007 599 1015 627 :

409 675 502 709 Hah.
520 675 555 709 in
574 679 696 708 monte
712 674 847 709 Sannin
867 673 996 708 Libani
1016 674 1051 707 in
1072 673 1280 708 declivitate
1305 673 1521 708 occidentali
1544 676 1647 708 6000‘
1666 674 1867 718 (Schweinf.
1880 676 1913 718 l),

361 722 397 756 in
417 723 513 766 agris
533 721 682 756 turfosis
703 721 749 755 ad
768 721 976 755 descensum
997 731 1120 755 versus
1140 721 1276 755 Zachle
1297 720 1515 764 (Ehrenb.!),
1537 722 1631 756 inter
1652 726 1807 756 montem
1829 722 1913 756 San-

364 769 425 803 nin
447 774 482 803 et
502 768 661 803 Keniseh
683 767 783 812 (Post
793 768 827 811 !).

247 896 337 942 851,
370 894 564 933 Linum
585 893 963 941 catharticum,
986 892 1095 934 adde
1117 905 1125 933 :

407 981 502 1016 Hab.
523 981 559 1016 in
577 986 698 1016 monte
715 980 866 1015 Elwend
882 981 1015 1015 Persiae
1033 980 1267 1015 occidentalis
1288 982 1389 1015 9000'
1408 980 1623 1024 (Haussk.!).

248 1109 341 1155 852,
374 1108 429 1146 L.
452 1106 911 1157 corymbulosum‚
934 1105 1041 1146 adde
1064 1118 1072 1146 :

363 1195 574 1286 (HHab.ka!t)l
600 1195 799 1230 Marserkis
825 1194 954 1229 Libani
982 1194 1096 1238 (Bl.!),
1122 1195 1157 1228 in
1186 1195 1451 1239 Mesopotamia
1476 1195 1522 1229 ad
1552 1195 1715 1230 Derbent
1745 1196 1755 1229 i
1784 1195 1916 1229 Basian

412 1253 496 1277 auss
528 1269 534 1276 .
573 1269 580 1276 .

248 1372 339 1418 853,
373 1370 428 1410 L.
451 1369 757 1417 arboreum,
780 1368 912 1409 adde:

409 1456 502 1491 Hab.
524 1456 570 1491 ad
591 1467 700 1500 rupes
725 1457 898 1490 montium
916 1457 1025 1491 Messi
1045 1461 1080 1491 et
1101 1457 1229 1490 Lastos
1251 1456 1376 1490 insulae
1407 1456 1617 1499 Karpathos
1647 1455 1774 1499 (Piehl.
1805 1457 1918 1499 1491).

404 1584 506 1625 Dele
526 1583 776 1624 varietatem
796 1586 834 1638 β.
856 1582 998 1624 minus
1018 1586 1061 1624 et
1080 1583 1168 1624 loco
1190 1583 1278 1635 eJus
1300 1583 1393 1635 lege
1416 1596 1423 1622 :

404 1670 458 1709 L.
480 1670 830 1720 caespitosum
845 1668 1000 1721 (Sibth.
1024 1672 1066 1710 et
1085 1668 1170 1710 Sm.
1194 1669 1255 1709 Fl.
1280 1668 1353 1710 Gr.
1370 1669 1442 1717 IV,
1461 1669 1549 1710 tab.
1575 1669 1669 1720 306)
1689 1669 1919 1710 rhizomate

348 1721 671 1763 suffrutescente
700 1734 837 1763 ramos
865 1722 1011 1763 breves
1039 1734 1279 1762 numerosos
1309 1722 1525 1763 intricatos
1552 1721 1712 1762 inferne
1739 1721 1919 1774 lignosos

349 1787 398 1815 su
430 1787 530 1816 erne
544 1775 671 1816 dense
687 1774 852 1816 foliosos
868 1775 1032 1823 edente,
1056 1774 1162 1815 foliis
1182 1775 1319 1827 parvis
1337 1775 1523 1815 obovatis
1543 1775 1808 1815 acutiusculis
1828 1775 1918 1815 basi

351 1787 882 1887 subpetiolato-attenuatis
902 1827 1054 1868 infimis
1074 1828 1283 1876 rosulatis,
1303 1828 1430 1880 cymis
1449 1827 1662 1875 2-5-floris,
1685 1827 1919 1879 pedunculo

350 1880 462 1921 floris
489 1880 685 1921 centralis
710 1880 955 1923 brevissimo
981 1880 1225 1921 lateralibus
1251 1880 1520 1932 longioribus,
1552 1880 1703 1932 sepalis
1731 1880 1920 1932 oblongis

351 1933 600 1974 acuminatis
633 1934 823 1985 margine
861 1933 926 1974 vix
964 1933 1219 1984 glandulosis
1257 1932 1482 1973 fructiferis
1520 1933 1700 1985 capsulae
1740 1933 1919 1985 globosae

349 1986 607 2038 aequilongis,
626 1986 777 2038 petalis
792 1986 914 2027 luteis
930 1986 1136 2037 ellipticis,
1154 1986 1423 2038 stigmatibus
1440 1986 1666 2027 linearibus
1689 2000 1714 2037 5
1731 2018 1739 2026 .
1757 1985 1919 2027 Linum

353 2038 562 2080 Creticum
572 2037 838 2091 fruticosam
847 2037 976 2091 foliis
991 2038 1243 2092 qlobzclariae
1260 2039 1415 2079 Tourn.
1434 2039 1529 2080 Cor.
1550 2042 1614 2080 24.
1631 2062 1683 2067 ——
1703 2039 1754 2080 L.
1774 2038 1920 2091 ‚qlobu-

353 2089 630 2143 larioefolimn
652 2091 807 2132 Poiret.

409 2162 503 2197 Hab.
524 2163 560 2197 in
579 2163 762 2197 montibus
782 2163 928 2198 Lakous
947 2164 1065 2198 Cretae
1087 2162 1313 2207 (Reverchon
1326 2163 1358 2207 !).

409 2228 612 2271 Specimina
638 2239 755 2271 nuper
781 2233 932 2271 accepta
945 2238 1002 2262 me
1025 2227 1226 2262 docuerunt
1252 2228 1345 2262 hanc
1364 2227 1528 2272 plantam
1552 2238 1573 2262 a
1594 2228 1637 2262 L.
1666 2228 1813 2262 arboreo
1834 2238 1919 2271 quo-

364 2285 442 2308 cum
477 2285 554 2309 eam
582 2276 842 2319 conjunxeram
871 2274 1039 2318 specifice
1071 2275 1360 2319 distinguendam
1392 2285 1480 2318 esse,
1501 2276 1591 2309 rami
1617 2276 1799 2309 tenuiores
1826 2281 1921 2317 sunt,

363 2321 452 2355 folia
484 2322 689 2366 quadruplo
719 2323 858 2356 minora
887 2323 1110 2366 angustiora,
1138 2321 1244 2356 flores
1269 2322 1415 2356 dimidio
1444 2322 1610 2365 minores,
1640 2323 1764 2366 petala
1792 2332 1920 2366 angus-

362 2370 465 2403 tiora.

247 2491 338 2537 854,
372 2489 423 2528 L.
442 2489 677 2540 elegans,
700 2487 808 2529 adde
831 2501 839 2529 :

410 2575 502 2609 Hab.
522 2575 558 2609 in
575 2575 755 2609 montibus
774 2575 909 2619 Delphi
926 2580 962 2610 et
984 2575 1178 2610 Xerobuno
1199 2576 1347 2610 Euboeae
1365 2578 1467 2610 4200‘
1490 2575 1684 2621 (Piehl.!).3

249 2699 340 2744 854,
371 2699 465 2748 post
484 2696 538 2736 L.
561 2697 782 2748 elegans
801 2696 938 2737 insere
960 2708 969 2736 :

407 2784 463 2824 L.
497 2783 757 2824 Boissieri
778 2783 990 2836 (Aschers.
1013 2786 1056 2824 et
1076 2782 1182 2824 Sint.
1206 2783 1247 2824 in
1269 2782 1375 2824 Sint.
1398 2795 1483 2824 exs.
1516 2782 1670 2823 'Pi-oad.
1700 2782 1794 2834 742)
1823 2794 1920 2824 caes-

353 2836 536 2887 pitosum
555 2848 725 2885 nanum,
744 2835 985 2876 rhizomatis
1006 2836 1133 2876 ramis
1158 2836 1354 2877 brevibus
1379 2835 1764 2888 procumbentibus,
1792 2836 1920 2876 ramis

353 2888 609 2929 brevissimis
629 2889 719 2929 aliis
739 2889 952 2930 sterilibus
973 2888 1099 2930 dense
1119 2887 1273 2929 foliosis
1294 2889 1384 2929 aliis
1405 2887 1595 2929 floriferis
1616 2888 1802 2929 unifloris
1823 2899 1922 2929 caes-

351 2941 483 2993 pitem
503 2941 569 2982 vix
589 2940 900 2990 excedentibus,
921 2940 1027 2982 foliis
1049 2941 1140 2982 basi
1161 2941 1416 2993 glandulosis
1436 2941 1617 2981 mivmis
1638 2940 1789 2981 infimis
1803 2952 1920 2981 rosu-
