2115 3250
229 226 416 272 Phelipaea.
904 238 1216 263 onossANCHAOEAE.
1839 230 1906 267 357

226 306 296 340 Pag-
334 410 355 451 b
388 360 769 463 Pb.)Pareyssi
790 359 924 411 (Beck
944 360 986 400 in
1010 359 1116 400 OEst.
1140 359 1235 400 Bot.
1258 360 1364 401 Zeit.
1389 364 1502 410 1881,
1525 373 1566 413 p.
1591 365 1682 411 310,
1699 363 1776 404 sub
1806 363 1907 405 Oro-

357 424 436 453 anc
454 425 488 453 ze
512 444 520 452 .

392 483 482 517 Hab.
501 483 635 518 Tauria
657 482 826 527 (Pareysz
847 483 882 517 in
901 482 1012 517 Herb.
1035 483 1136 517 Caes.
1155 484 1325 527 Vindob.)
1348 484 1443 527 (Non
1461 485 1559 527 vidi).

225 617 317 661 495,
349 617 443 666 post
465 615 561 654 Ph.
584 614 928 665 lonqifloram
950 614 1086 654 insere
1109 627 1116 654 :

384 703 480 741 Ph.
503 702 816 741 Libanotica
847 700 1086 751 (Schweinf.
1117 702 1239 752 Mss.)
1270 703 1388 744 caule
1415 703 1592 755 simplici
1626 704 1741 756 spica
1771 705 1906 746 densi-

330 753 434 794 flora
464 754 731 805 pyramidata
767 754 1010 795 acutissima
1041 755 1325 804 subbreviore,
1360 756 1542 797 bracteis
1575 769 1600 797 a
1630 757 1721 798 basi
1755 757 1907 799 latiore

329 806 534 847 subulatis
567 806 782 847 alabastra
813 807 945 858 partis
974 808 1199 859 superioris
1232 809 1356 859 spicae
1383 809 1694 861 superantibus,
1723 810 1905 851 bracteis

330 859 572 899 lateralibus
588 859 784 900 brevibus
809 859 1232 909 lineari-lanceolafis,
1256 861 1414 902 laciniis
1435 862 1631 915 calycinis
1653 866 1722 904 4-5
1744 863 1906 904 lanceo-

328 912 424 952 latis
462 911 927 960 subulam-attenuatis,
970 913 1124 953 corolla
1162 913 1304 965 calyce
1332 915 1501 966 2¹s2-plo
1534 915 1720 966 longiore
1750 916 1906 968 pallide

328 965 668 1013 griseo-violacea
693 964 879 1005 breviter
909 965 1245 1017 papilloso-hirta
1275 967 1788 1019 tubuloso-campanulata
1820 980 1906 1010 rec-

329 1017 522 1064 tiuscula,
547 1017 651 1057 lobis
672 1017 822 1058 ciliatis
848 1017 1033 1059 breviter
1054 1019 1187 1059 ovatis
1214 1019 1493 1061 obtusissimis
1514 1020 1694 1073 abrupte
1714 1021 1905 1073 cuspida-

329 1070 396 1117 tis,
417 1069 604 1110 antberis
624 1070 823 1110 lanatulis
851 1074 909 1117 91.

386 1141 479 1174 Hah.
515 1142 551 1174 in
587 1141 716 1175 Libani
748 1141 908 1176 borealis
946 1142 1041 1176 collo
1078 1143 1174 1177 inter
1212 1144 1375 1178 Ainhata
1412 1149 1448 1178 et
1482 1144 1663 1179 Bscherre
1697 1146 1766 1180 sito
1801 1148 1903 1180 7000l

341 1187 545 1230 (Schweinf.
558 1189 593 1228 !).
609 1188 692 1222 Vidi
712 1188 917 1232 fragmenta
938 1194 974 1224 et
994 1188 1093 1224 floris
1114 1190 1279 1235 analysin
1294 1201 1315 1225 a
1330 1191 1374 1225 cl.
1390 1191 1659 1226 Schweinfurth
1673 1192 1904 1227 delineatam.

387 1250 441 1285 Ob
463 1251 603 1285 caulem
622 1252 821 1295 simplicem
841 1252 908 1286 Ph.
930 1253 1089 1287 caeruleae
1110 1258 1144 1287 et
1166 1253 1232 1287 Ph.
1258 1254 1461 1298 lonqifloroe
1487 1259 1523 1289 et
1543 1255 1588 1289 ob
1609 1255 1785 1290 corollam
1806 1256 1903 1290 cilia-

338 1303 412 1331 tam
438 1298 506 1332 Ph.
531 1299 688 1343 oxylohoe
708 1304 744 1333 et
764 1299 829 1332 Ph.
849 1299 1036 1343 hirtiflorae
1062 1301 1392 1344 appropinquanda
1418 1301 1561 1336 videtur
1586 1302 1728 1338 laciniis
1754 1303 1902 1337 corollae

340 1344 496 1388 abrupte
525 1346 726 1389 cuspidatis
746 1347 840 1380 inter
861 1357 983 1381 omnes
1003 1347 1162 1391 insignis.

221 1462 312 1508 500,
347 1461 444 1499 Ph.
468 1461 740 1509 tubulosa‚
763 1461 872 1502 adde
894 1473 903 1501 :

385 1549 479 1584 Hab.
499 1549 534 1583 in
556 1549 718 1594 AEgypto
739 1549 911 1584 inferiore
931 1551 978 1584 ad
998 1551 1157 1585 Ismailia
1179 1551 1381 1596 (Barbeyl).

220 1668 312 1714 506,
345 1666 662 1706 orobanche
686 1668 932 1717 speciosa
956 1679 965 1707 :

385 1753 512 1787 Variat
533 1751 681 1787 floribus
700 1753 910 1797 minoribus,
932 1755 1057 1789 Attica
1082 1755 1279 1799 (Sartoril),
1305 1755 1455 1790 Rhodus
1477 1755 1670 1801 (Bourg.!),
1688 1757 1899 1801 Karpathos

339 1800 498 1842 (Pichler
533 1800 645 1843 571!),
678 1801 781 1844 Syria
812 1801 858 1835 ad
889 1802 1029 1845 Tripoli
1061 1802 1129 1845 (Bl.
1161 1813 1235 1837 exs.
1269 1804 1354 1837 454!
1376 1804 1492 1847 4561),
1514 1804 1658 1848 Aleppo
1680 1804 1898 1848 (Haussk.!),

338 1847 522 1891 AEgyptus
542 1847 693 1882 inferior
713 1848 759 1882 ad
781 1848 864 1882 Abu
884 1848 991 1884 Sabe]
1015 1850 1220 1886 (Schweinf.
1242 1852 1309 1884 203
1322 1850 1355 1894 !).

218 1957 310 2002 507,
346 1955 404 1995 Ο.
426 1956 746 2006 pubescens,
769 1957 878 1997 adde
902 1970 910 1997 :

384 2044 477 2079 Hab.
499 2045 535 2078 in
555 2046 744 2080 maritimis
773 2047 891 2081 Cretae
919 2047 964 2081 ad
993 2048 1263 2093 Medicayinem
1291 2051 1469 2084 marinam
1502 2050 1740 2095 (Reverch.!),
1772 2053 1899 2087 insulae

337 2091 547 2135 Karpathos
568 2092 614 2126 ad
632 2093 869 2137 Euphorbias
889 2094 1048 2138 (Pichler
1069 2096 1181 2140 5121),
1200 2096 1321 2131 Rhodi
1343 2098 1546 2140 (Pichlerz).

220 2209 311 2254 508,
346 2205 406 2245 0.
427 2206 664 2256 hyalina,
687 2207 796 2248 adde
819 2220 827 2248 :

384 2295 476 2329 Hab.
495 2296 531 2329 in
548 2297 710 2331 arenosis
727 2298 916 2332 maritimis
938 2298 1086 2333 Phaleri
1108 2299 1168 2342 (cl.
1183 2300 1378 2344 Lacaital).

583 2569 790 2611 olto«)
841 2573 957 2613 ΧΓ.
1007 2574 1528 2618 AGANTHACEAE

218 2736 310 2781 519,
342 2737 436 2785 post
456 2746 587 2786 genus
611 2737 819 2777 Ruellia
840 2739 977 2780 insere
1000 2753 1007 2779 :

554 2878 1031 2931 STROBILANTHES
1070 2884 1245 2950 (Blume
1271 2886 1406 2949 Bijdr.
1438 2889 1571 2953 781).

378 2998 506 3050 Calyx
527 2999 677 3040 5-fidus
698 3003 926 3052 segmentis
955 3003 1180 3046 linearibus
1210 3007 1535 3060 subaequalibuS.
1565 3009 1741 3052 Corollae
1773 3011 1899 3053 tubus
