2094 3351
252 271 293 305 16
924 278 1239 304 nmuwcumczffi.
1718 269 1903 316 Isopyrum
1911 299 1919 306 .

266 353 335 386 Png.

355 404 555 446 fusiformi
573 404 732 455 gracili,
752 403 855 444 00110
875 402 1001 451 nudo,
1019 402 1125 443 foliis
1143 403 1401 443 triternatim
1417 403 1542 444 sectis
1557 404 1785 455 segmentis
1800 404 1920 446 obtu-

353 459 422 505 sis,
464 457 627 508 stipulis
665 457 812 502 ovatis,
852 455 1003 507 sepalis
1043 455 1147 496 albis
1185 455 1516 506 ovato-oblongis
1558 455 1732 506 obtusis,
1768 457 1920 509 petalis

354 509 604 561 spathulatis
625 509 830 549 truncatis
851 509 993 548 ovaria
1012 508 1290 560 aequantibus,
1314 508 1545 560 capsulis...

385 581 504 662 Aiialb.
530 582 564 614 in
589 580 815 624 rupestribus
841 579 971 623 alpinis
986 579 1092 613 vallis
1118 578 1254 612 Kuram
1279 578 1485 622 Affghaniae
1510 578 1556 613 ad
1581 580 1772 624 Sei-atigah
1797 582 1920 615 13000‘

370 634 375 662 4
419 635 531 667 1101).

412 689 533 725 Affine
555 690 586 724 I.
610 690 829 725 thalictroidi
853 700 1004 733 quocum
1031 690 1066 723 in
1092 689 1210 723 Hook.
1231 694 1267 722 et
1293 688 1360 722 Th.
1389 688 1501 723 Flora
1526 688 1651 724 Indica
1677 690 1920 734 conjungitur,

368 737 487 771 differt
507 737 628 772 radice
655 737 876 780 subsimplici
902 746 967 770 1100
993 735 1233 770 fasciculatim
1258 734 1510 779 multifibrosfi,
1538 735 1707 771 foliorum
1727 737 1921 781 segmentis

369 784 443 819 fere
465 784 608 818 dimidio
626 784 834 826 minoribus,
853 783 986 831 petalis
1007 794 1076 817 non
1095 783 1279 826 stipitatis.

414 847 480 880 Ar.
500 846 642 890 Geogr.
669 848 856 892 Songaria,
874 848 973 891 regio
991 846 1205 890 Himalaica,
1225 845 1380 880 Tibetia.

278 976 341 1020 64,
373 976 468 1024 post
487 973 524 1012 1.
548 973 896 1023 caespitosum
918 971 1079 1012 insere:

411 1063 448 1101 1.
472 1063 765 1102 uniflorum
788 1061 942 1112 (Aitch.
967 1064 1010 1102 et
1031 1060 1190 1102 Hemsl.
1213 1060 1360 1102 Journ.
1380 1059 1502 1100 Linn.
1520 1058 1612 1101 Soc.
1630 1059 1744 1108 XIX,
1766 1072 1808 1112 p.
1828 1059 1920 1112 149)

357 1115 622 1165 glaucescens
650 1115 926 1166 caespitosuni,
953 1113 1092 1154 radice
1113 1113 1300 1154 verticali
1321 1112 1611 1161 crassiusculzi,
1633 1112 1737 1153 00110
1756 1112 1921 1164 petiolis

356 1168 530 1208 vetustis
560 1167 686 1207 (101180
714 1167 880 1214 vestito,
915 1166 1022 1207 foliis
1052 1166 1274 1207 biternatis
1305 1166 1532 1217 segmentis
1563 1165 1703 1217 parvis
1734 1165 1922 1205 obovatis

355 1221 502 1261 obtuse
518 1220 711 1265 2-3-fidis,
728 1220 862 1271 scapis
875 1218 1061 1260 unifloris
1080 1231 1207 1271 supra
1226 1218 1408 1259 medium
1423 1217 1754 1265 bibracteolatis,
1771 1217 1922 1270 sepalis

355 1272 738 1313 ovato-orbiculatis
769 1271 1138 1320 caeruleo-flavidis,
1178 1271 1328 1324 petalis
1366 1271 1498 1312 ovatis
1531 1271 1721 1312 concavis
1755 1270 1919 1318 bilobis,

355 1326 473 1378 stylis
491 1326 629 1372 rectis,
652 1325 802 1365 ovariis
824 1324 979 1376 glabris
1006 1328 1064 1371 ⁸21.

414 1396 507 1431 Hab.
526 1396 559 1430 in
579 1395 806 1439 rupestribus
823 1395 930 1429 vallis
950 1395 1122 1430 Shendtoi
1141 1385 1346 1440 Affghaniae
1367 1394 1555 1429 orientalis
1573 1396 1696 1429 10000‘
1719 1393 1898 1438 (Aitcb.!).

413 1461 531 1495 Valde
560 1460 670 1494 affine
695 1461 725 1494 Ι.
754 1460 934 1503 caespitoso
964 1459 1059 1503 quod
1091 1459 1213 1494 differt
1242 1464 1382 1494 tantum
1416 1459 1518 1504 stylis
1547 1458 1922 1493 circinnato-recurvis

367 1509 570 1552 ovariisque
600 1507 802 1551 papillosis.
833 1508 888 1540 An
918 1506 1026 1550 hujus
1056 1506 1239 1540 varietas?
1270 1507 1322 1542 Cl.
1350 1506 1499 1540 Hooker
1528 1511 1563 1541 et
1588 1506 1734 1540 Thoms.
1759 1505 1816 1539 Fl.
1843 1504 1922 1538 Ind.

367 1562 557 1599 utrumque
578 1565 656 1589 cum
676 1555 706 1589 Ι.
724 1553 945 1599 yrandifloro
965 1559 1001 1588 et
1018 1554 1049 1588 I.
1065 1553 1290 1598 microphyllo
1306 1554 1343 1588 in
1356 1554 1497 1588 unicam
1512 1553 1667 1597 speciem
1685 1552 1921 1596 conjungunt.

276 1687 340 1731 (ῑϋ,
375 1682 584 1734 Niqella
606 1680 856 1721 arvensis
881 1691 889 1719 :

403 1759 467 1800 Ad
487 1758 736 1799 varietatem
763 1757 784 1798 δ
803 1755 896 1808 lege
922 1767 998 1807 pro
1028 1770 1043 1793 «
1067 1767 1155 1796 var.
1184 1756 1455 1809 macrocarpd
1478 1769 1495 1792 1)
1517 1755 1707 1808 sphalma
1726 1759 1923 1808 typogra-

353 1813 520 1865 phicum
548 1826 563 1849 «
588 1822 677 1850 var.
702 1808 979 1861 microcarpa.
1007 1822 1023 1845 ³>

276 1951 339 1995 60,
371 1947 432 1987 Ν.
454 1944 847 1991 fumariaetolia,
871 1942 978 1983 adde
1001 1955 1008 1983 :

414 2023 506 2058 Hab.
524 2024 559 2057 in
577 2023 673 2066 agris
694 2021 877 2056 derelictis
894 2019 1022 2055 insulae
1048 2019 1257 2064 Karpathos
1275 2029 1389 2064 prope
1408 2019 1562 2055 Menites
1582 2019 1709 2063 (Pichl.
1733 2018 1820 2064 18l).

275 2150 338 2187 (33.
373 2147 436 2186 N.
468 2145 677 2186 sativa:

414 2223 470 2257 Ex
496 2223 540 2257 cl.
568 2222 611 2256 de
636 2221 832 2256 Heldreich
858 2221 893 2255 in
918 2221 987 2254 litt.
1016 2219 1144 2254 nullibi
1169 2220 1204 2253 in
1238 2219 1380 2254 Graecifae.
1405 2223 1617 2263 spontanea,
1643 2218 1706 2254 sed
1737 2220 1773 2254 in
1803 2219 1924 2264 Cretzi,

369 2272 485 2314 Cypro
504 2275 538 2304 et
558 2270 682 2304 insulis
700 2268 913 2312 frequenter
934 2267 1043 2302 culta.

415 2333 506 2367 Hah.
540 2334 574 2367 in
606 2332 808 2376 Babylonia
837 2332 882 2366 ad
914 2330 1066 2375 Bagdad
1097 2334 1132 2365 et
1160 2329 1285 2364 Persia
1316 2328 1674 2365 austro-occidentali
1704 2329 1923 2374 (Haussk.!),

370 2381 565 2425 Afl'ghaniai.
585 2380 701 2422 (Griff.
716 2381 750 2415 !†-.

278 2512 342 2556 71,
373 2507 650 2558 Aquileqia
678 2506 973 2557 olympica,
1005 2503 1112 2545 adde
1139 2515 1396 2556 synonymon
1419 2516 1427 2544 :
1458 2504 1512 2544 A.
1541 2502 1769 2546 Caucasica
1788 2502 1920 2555 Rupr.

359 2561 420 2601 Fl.
444 2559 570 2602 Cauc.
593 2572 634 2611 p.
659 2562 722 2600 32.
745 2582 797 2588 -—
816 2560 869 2599 A.
893 2557 1087 2610 veclffaris
1106 2569 1194 2598 1131.
1220 2555 1448 2599 Cazccasz'ca
1467 2556 1624 2598 Ledcb.

415 2630 508 2665 Hab.
526 2632 560 2664 in
581 2631 727 2674 regione
753 2629 947 2673 subalpina
967 2628 1072 2662 Ponti
1094 2628 1213 2662 Lazici
1231 2627 1277 2662 ad
1299 2627 1425 2671 Djimil
1446 2627 1586 2671 (Bari),
1611 2627 1783 2662 Armenia
1808 2636 1923 2672 prope

369 2678 447 2712 Van
466 2677 698 2722 (Deyrollelp,
719 2677 880 2712 Caucaso
898 2676 992 2711 omni
1012 2676 1225 2711 2500-6000‘
1245 2675 1417 2719 ‹Rupr.i‘).

280 2808 342 2844 71.
374 2802 654 2854 Aquileqia
678 2801 906 2850 Ottonis,
930 2800 1038 2842 adde
1060 2813 1068 2841 ε

417 2884 529 2927 Regio
550 2884 713 2926 superior
734 2883 864 2917 montis
885 2882 1037 2927 Taygeti
1059 2880 1240 2918 (Psasides
1255 2882 1291 2922 !).

418 2947 561 2990 Species
585 2946 712 2980 Italica
736 2956 777 2980 ex
805 2945 985 2980 montibus
1007 2945 1153 2989 Aprutii
1171 2964 1214 2968 —-
1239 2945 1284 2978 A.
1305 2944 1438 2978 viscosa
1459 2943 1545 2978 Ten.
1564 2942 1650 2987 Syll.
1671 2952 1742 2976 non
1762 2942 1851 2977 Gou.
1877 2960 1921 2966 —

372 2997 412 3028 A.
435 2994 644 3039 Pyt-enaim,
667 2995 712 3027 A.
739 2993 938 3027 Ber-telonii
958 2998 993 3027 et
1013 2994 1056 3027 A.
1079 2992 1305 3036 Mayellensis
1332 2992 1442 3026 Porta
1472 2996 1507 3025 et
1533 2990 1625 3034 Rigo
1649 3000 1720 3024 exs.
1743 3009 1782 3014 —
1805 2988 1851 3023 ab
1874 2990 1921 3023 A.

376 3042 516 3075 (neonis
536 3051 603 3074 non
625 3040 769 3074 differre
786 3040 938 3074 videtur.
