2115 3250
80 232 275 278 Ferulayo,
774 237 1047 263 UMBELLIFERAE.
1680 226 1749 262 ‘265

89 312 157 346 Pag.

245 366 429 411 Bipedalis
455 370 490 399 et
517 363 658 398 elatior.
686 361 817 397 Affinis
851 363 891 397 F.
917 362 1061 408 Cassiae,
1092 363 1154 398 sed
1181 363 1303 397 caules
1332 363 1378 397 ad
1408 362 1646 397 dichotomias
1679 373 1749 396 non

198 414 388 448 incrassati
413 411 572 453 ramique
601 409 714 443 multo
741 410 936 454 tenuiores,
964 410 1131 445 umbellae
1161 410 1421 453 pauciradiatae
1450 409 1561 444 radiis
1589 415 1623 444 et
1651 409 1749 452 pedi—

199 461 298 495 cellis
318 459 482 494 tenuibus
502 467 567 491 nec
588 456 731 500 crassis,
751 458 969 500 mericarpia
987 458 1208 501 angustiora.

85 606 198 651 1002,
230 604 282 643 P.
304 600 591 642 monticola
616 612 624 639 :
650 611 699 640 ex
725 599 775 640 cl.
799 598 938 640 Janka
964 599 1111 640 Journ.
1135 599 1229 639 Bot.
1257 599 1353 639 Ital.
1379 599 1427 647 V,
1451 612 1491 651 p.
1518 603 1590 640 162
1612 600 1751 641 obser-

185 655 348 695 vatione
378 664 633 706 synonymon
665 651 1020 720 Logwlzoscipzdimn
1051 652 1291 693 Bccrrelz'erz'
1328 651 1492 693 Griseb.
1528 652 1638 704 Spic.
1670 664 1752 693 non

187 708 287 748 Ten.
311 718 391 747 non
410 705 504 753 hfic,
527 704 601 745 sed
622 704 676 745 ad
697 705 750 746 It,
774 705 971 746 meozdem
991 710 1234 756 sequentem
1255 709 1432 756 spectat.

85 859 197 903 1004,
227 855 278 893 F.
312 853 565 900 meoides,
600 852 709 893 adde
740 865 830 904 syn.
867 865 875 893 :
914 851 1269 905 Lophoseiadmm
1302 852 1543 893 Barrelieri
1584 851 1749 894 Griseb.

184 906 322 959 Spicil.
346 908 444 956 (non
465 905 518 946 F.
545 905 788 947 Bam-elierz'
810 905 934 956 Ten.)
955 911 998 946 et
1024 904 1212 947 Chlevccoe
1231 905 1395 946 Athona
1416 905 1555 946 Cesati
1579 905 1679 946 Mss.

84 1056 284 1149 1005‚·t1·''.
306 1055 640 1115 thyrsiflora,
663 1054 798 1095 adde:
822 1054 879 1095 Ic.
902 1053 965 1095 Fl.
995 1054 1130 1096 Graec.
1161 1055 1248 1095 tab.
1279 1058 1369 1103 280,
1400 1055 1641 1096 citationem
1673 1055 1751 1096 loc.

184 1120 218 1149 cl
245 1140 254 1148 .
277 1119 491 1149 omissam.

85 1261 197 1307 1005,
228 1261 322 1310 post
341 1258 393 1297 Γ.
416 1257 799 1307 thyrsissoram
819 1257 956 1298 insere
975 1270 983 1297 :

238 1346 291 1386 P.
324 1346 669 1386 Blancheana
703 1344 821 1396 (Post
847 1344 970 1395 Mss.)
998 1344 1143 1396 glabra
1177 1345 1460 1396 glaucescens,
1494 1344 1612 1385 caule
1645 1345 1757 1385 elato

185 1398 579 1450 angulato-sulcato
618 1409 797 1450 superne
835 1397 1375 1449 thyrsoideo-corymboso,
1420 1396 1526 1438 foliis
1565 1398 1756 1438 maximis

186 1451 348 1492 ambitu
373 1451 617 1503 aequilongis
652 1463 700 1491 ac
732 1450 828 1491 latis
863 1451 905 1490 in
939 1450 1111 1491 lacinias
1146 1450 1531 1491 lineari-subulatas
1570 1462 1594 1490 a
1632 1451 1757 1491 costis

186 1503 450 1544 indistinctas
470 1503 642 1544 obtusas
664 1503 842 1555 abrupte
862 1503 1175 1544 muci-onulatas
1189 1503 1626 1555 supi-adecompositis,
1646 1504 1758 1544 invo-

188 1556 311 1597 lucris
332 1560 374 1597 et
393 1556 649 1597 involucellis
670 1556 924 1597 brevissimis
950 1556 1361 1596 lineari-lanceolatis
1391 1555 1575 1604 deflexis,
1599 1556 1760 1597 umbel-

188 1609 236 1649 lis
257 1609 440 1650 breviter
467 1609 795 1657 10-15-radiatis‚
822 1608 1061 1657 fioribus...,
1091 1609 1348 1660 mericarpiis
1379 1608 1580 1660 pedicello
1603 1609 1759 1660 longio-

187 1661 301 1702 ribus
322 1662 513 1714 ellipticis
528 1662 642 1714 Jugis
664 1662 797 1702 tribus
816 1661 1048 1702 dorsalibus
1067 1661 1399 1713 prominentibus
1415 1662 1548 1702 acutis
1569 1662 1759 1713 margine

188 1714 421 1763 latiusculo,
444 1715 560 1755 vittis
582 1714 814 1756 dorsalibus
836 1717 918 1762 7-8,
942 1714 1325 1755 commissuralibus
1345 1714 1550 1755 subsenis.

249 1785 341 1819 Hab.
361 1786 397 1819 in
419 1786 570 1820 excelsis
588 1786 718 1819 montis
740 1785 968 1829 Akkerdagh
988 1785 1099 1829 Syriae
1120 1785 1279 1819 borealis
1297 1795 1413 1829 prope
1430 1785 1600 1820 Marasch
1616 1785 1761 1829 (Postll.

248 1849 375 1883 Facies
401 1855 436 1884 et
462 1849 550 1883 folia
577 1849 622 1883 F.
642 1849 866 1894 thyrsiflorae,
897 1848 959 1882 sed
986 1848 1127 1882 laciniae
1157 1848 1282 1892 paullo
1312 1849 1518 1893 crassiores,
1544 1849 1761 1892 mericarpia

201 1896 340 1939 majora
360 1897 396 1939 (6
413 1896 527 1931 lineas
547 1897 668 1940 longa)
693 1896 800 1930 latius
820 1896 1036 1939 marginata,
1065 1896 1166 1930 vittae
1187 1896 1387 1939 pauciores.

92 2046 203 2092 1008,
234 2044 288 2084 ad
308 2044 463 2086 calcem
485 2045 648 2097 generis
669 2045 933 2096 Ferulaqo
954 2044 1091 2085 insere
1114 2057 1122 2085 ε

755 2179 919 2233 Species
944 2179 1089 2220 dubia.

243 2320 296 2359 F.
320 2320 494 2359 Athoa
516 2317 672 2369 (Janka
691 2318 814 2358 BreV.
850 2325 893 2358 11⁰
925 2317 992 2368 28)
1028 2318 1312 2369 glaucescens‚
1348 2316 1466 2358 caule
1499 2316 1619 2357 valde
1652 2317 1762 2357 elato

194 2372 317 2413 tereti
337 2372 483 2412 stricto
515 2371 649 2423 rigido
673 2382 853 2422 superne
883 2371 925 2411 in
958 2382 1096 2411 ramos
1129 2371 1276 2411 stricte
1308 2369 1472 2422 patulos
1512 2368 1763 2410 divaricatos

195 2424 390 2471 abeunte,
413 2423 519 2464 foliis
539 2423 804 2464 inferioribus
825 2423 914 2475 (illa
939 2422 1181 2465 Peztceclam'
1210 2422 1434 2475 officinalis
1460 2422 1626 2462 omnino
1658 2421 1765 2463 refe-

195 2476 400 2523 rentibus)
431 2477 474 2517 in
500 2477 671 2517 lacinias
697 2477 960 2528 longissimas
991 2476 1285 2528 angustissime
1317 2475 1494 2516 lineares
1527 2475 1764 2515 uninervias

195 2529 395 2581 rigidulas
415 2530 614 2570 ternatim
629 2529 1065 2581 supi-adecompositis,
1084 2528 1256 2569 caulinis
1277 2529 1430 2569 sensim
1448 2528 1585 2568 minus
1607 2527 1762 2568 divisis.

195 2583 365 2623 summis
386 2581 439 2622 ad
460 2582 653 2634 vaginam
674 2582 828 2622 lamina
852 2580 1054 2622 setiformi
1082 2582 1353 2622 terminatam
1380 2580 1578 2628 reductis,
1609 2581 1765 2620 involu-

195 2635 254 2675 cri
272 2634 423 2687 phyllis
455 2638 518 2675 1-2
539 2634 970 2681 lineari-acuminatis,
993 2634 1227 2675 involucelli
1255 2637 1349 2675 8-10
1369 2633 1582 2685 pedicellis
1605 2633 1766 2674 brevio—

196 2687 325 2735 ribus,
347 2687 540 2728 umbellae
561 2687 689 2728 radiis
712 2687 942 2728 numerosis
961 2687 1236 2739 inaequalibus
1256 2687 1414 2727 strictis
1442 2690 1500 2732 91.

258 2756 351 2791 Hab.
373 2757 410 2790 in
428 2757 538 2791 aridis
559 2758 654 2792 inter
674 2757 822 2791 frutices
840 2757 1041 2801 peninsulae
1063 2758 1194 2791 Athoae
1215 2756 1310 2791 infra,
1331 2756 1533 2790 coenobium
1554 2756 1675 2790 Lavra
1696 2766 1767 2790 non

212 2803 338 2893 ἴξοουὶ
363 2803 544 2894 ἓ)1ὴῐοι·θ
575 2809 610 2838 et
652 2804 697 2838 ad
730 2805 823 2838 viam
862 2805 956 2838 inter
993 2805 1112 2839 Lavra
1152 2810 1187 2838 et
1226 2803 1362 2838 fontem
1399 2804 1579 2837 Athanasi
1616 2802 1766 2846 (Janka)

228 2851 307 2885 Ion
326 2851 359 2884 vi
387 2851 397 2884 i
417 2878 423 2884 .

258 2913 390 2948 Planta
410 2913 577 2958 orgyalis,
603 2913 869 2948 inflorescentia
899 2914 1079 2948 Foem'culi
1100 2914 1372 2958 1)iperiti..Nec
1400 2912 1508 2947 flores
1537 2923 1603 2948 nec
1629 2913 1769 2948 fructus

214 2961 301 3004 noti,
321 2960 482 2995 affinitas
503 2966 538 2994 et
559 2961 667 2994 etiam
685 2971 796 3005 genus
816 2960 935 2995 dubia.
