2094 3351
234 206 282 242 98

252 287 323 320 Png.

236 615 313 653 614

237 928 328 972 614,

236 1373 327 1417 615,

235 1734 326 1778 616,

236 2003 328 2046 617,

236 2321 311 2359 617

234 2651 313 2689 618

233 2875 326 2920 619,

993 215 1165 239 suenum.
1784 204 1908 240 Silene.

355 339 485 374 etenim
511 338 590 372 haec
622 336 772 371 floribus
799 337 927 371 saltem
960 336 1071 380 duplo
1101 336 1323 380 longioribus
1352 348 1372 371 a
1402 337 1438 372 S.
1461 337 1637 381 pruinosa
1665 337 1908 382 distinguitur.

355 386 558 430 specimina
578 387 736 418 Armena
756 395 799 418 ex
827 384 1131 418 Gumuschkhane
1156 383 1192 418 S.
1218 384 1400 427 pruinosae
1421 384 1552 418 sistunt
1577 395 1622 419 ex
1648 385 1691 418 cl.
1711 384 1909 420 Rohrbach

355 434 451 467 Mon.
472 444 506 476 p.
531 434 599 466 209
627 431 783 475 speciem
807 431 992 474 propriam
1019 430 1053 465 S.
1082 431 1331 465 Armeniacam
1358 431 1507 474 Rohrb.,
1536 431 1599 466 sed
1620 441 1641 466 a
1660 436 1747 476 typo
1767 436 1909 466 tantum

355 479 526 516 differunt
547 479 776 522 carpophoro
798 478 985 521 paululum
1004 478 1169 512 breviore
1187 483 1222 512 et
1239 478 1413 512 transitus
1431 477 1564 512 adsunt
1580 479 1768 513 innumeri.

364 611 416 651 S.
439 621 636 661 repens
660 622 667 649 :

401 698 504 732 Hanc
535 697 691 740 speciem
718 696 808 730 dele.
829 696 1032 739 Specimina
1058 706 1076 730 e
1103 696 1263 730 Caucaso
1286 695 1357 729 hac
1382 696 1501 730 relata
1524 696 1560 731 S.
1586 695 1815 732 Caucasicam
1833 708 1909 733 var.

352 745 598 789 ylandulosam
619 743 807 787 Ruprecht
833 744 963 777 sistunt
990 753 1011 777 a
1037 742 1073 777 S.
1104 746 1244 786 repente
1271 742 1423 778 Sibirica
1453 753 1674 787 gemmarum
1703 745 1909 779 axillarium

355 791 570 833 deficientia,
588 791 746 825 bracteis
766 800 836 824 non
854 790 1033 833 scariosis‚
1051 790 1245 824 seminibus
1262 790 1429 824 alienam.

365 924 418 963 S.
443 923 861 970 Montbretiana,
883 921 992 962 adde
1010 934 1019 961 z

394 1013 432 1064 β.
462 1008 757 1062 mierophylla.
779 1032 832 1037 —
850 1008 967 1049 Folia
992 1008 1157 1049 minuta
1176 1021 1226 1049 ea
1251 1007 1295 1050 S.
1323 1007 1661 1062 suffrzttescentis
1685 1008 1911 1051 referentia

343 1067 409 1105 2-3
444 1063 574 1103 lineas
606 1062 730 1114 longa
763 1061 907 1102 infima
942 1061 1186 1113 spathulata
1223 1073 1419 1113 suprema
1456 1062 1753 1114 angustissima
1787 1066 1911 1103 acuta

339 1127 526 1163 recurva,
556 1115 674 1167 calyx
701 1114 945 1155 densissime
970 1114 1202 1166 pubescens
1230 1119 1273 1154 et
1304 1113 1494 1155 fructifer
1525 1115 1662 1156 minus
1694 1115 1907 1166 clavatus;

342 1169 522 1210 varietas
542 1168 717 1208 ulterius
739 1166 1013 1208 observanda.

400 1238 492 1273 Hab.
514 1239 549 1272 in
567 1237 717 1282 rupibus
735 1238 910 1272 calcareis
927 1238 1038 1282 Syriae
1060 1237 1217 1272 borealis
1237 1248 1351 1281 prope
1371 1237 1506 1272 Aintab
1529 1238 1743 1282 (Haussk.!).

363 1369 415 1408 S.
436 1369 733 1415 albescenS,
756 1366 866 1407 adde
887 1379 894 1406 :

402 1456 494 1490 Hab.
515 1456 551 1489 in
574 1460 694 1489 monte
721 1455 860 1489 Sawers
884 1454 1016 1488 Persiae
1044 1454 1423 1489 austro-occidentalis
1446 1457 1569 1489 10000‘
1588 1455 1790 1499 (Haussk.!)
1812 1461 1847 1491 et
1875 1457 1910 1490 in

355 1509 476 1537 monte
507 1502 592 1536 Kuh
627 1501 792 1536 Eschker
821 1501 938 1535 forma
971 1501 1101 1535 elatior
1126 1500 1222 1535 foliis
1251 1501 1501 1536 subtrinerviis
1527 1503 1638 1543 2¹l2-3
1670 1503 1783 1538 lineas
1815 1503 1910 1538 latis.

356 1550 472 1594 Hujus
491 1549 624 1593 speciei
645 1549 786 1593 calyces
812 1548 992 1582 fructiferi
1017 1547 1234 1593 pyriformes
1259 1554 1342 1583 sunt
1368 1549 1536 1583 elevatim
1563 1554 1598 1584 et
1627 1549 1755 1584 obtuse
1773 1549 1910 1585 decem-

355 1598 486 1631 costati
503 1598 598 1631 inter
616 1601 735 1630 costas
755 1596 944 1639 insigniter
963 1595 1106 1630 sulcati.

363 1731 415 1770 S.
439 1730 701 1770 nodulosa
723 1732 759 1782 β.
781 1727 1100 1781 ρρῶιιηειιῑανὶε,
1123 1728 1231 1770 adde
1253 1742 1260 1769 :

378 1819 549 1906 &1836in
566 1818 716 1898 rupliibus
737 1818 912 1852 calcareis
935 1818 1065 1852 montis
1090 1818 1173 1852 Kuh
1194 1818 1358 1853 Eschker
1378 1819 1511 1853 Persiae
1532 1818 1909 1853 austro-occidentalis

358 1870 371 1899 1
472 1866 480 1878 ¹
549 1876 631 1899 auss
662 1892 669 1899 .
694 1873 715 1905 ).

364 1999 417 2038 S.
440 1997 794 2046 Aucheriana,
814 1996 922 2037 adde
943 2010 952 2037 ;

403 2087 496 2121 Hab.
528 2087 563 2120 in
595 2086 822 2130 rupestribus
854 2086 1027 2120 montium
1057 2087 1118 2120 Pir
1147 2086 1256 2121 Omar
1288 2086 1438 2121 Gudrun
1471 2087 1684 2129 (Haussk.!).
1718 2087 1758 2121 In
1789 2091 1911 2121 monte

356 2135 501 2169 Schahu
522 2144 632 2177 supra
651 2134 790 2167 Juanro
812 2134 978 2167 8-12000‘
998 2133 1115 2168 forma
1135 2134 1268 2178 calycis
1293 2135 1413 2169 nervis
1439 2134 1559 2169 rubris
1587 2135 1740 2178 pulchre
1768 2138 1912 2169 anasto-

355 2181 578 2217 mosantibus
599 2180 769 2224 (Haussk.
782 2181 815 2224 l).

363 2317 416 2357 S.
443 2316 726 2364 Sisianica,
749 2314 858 2355 adde
880 2327 888 2355 :

400 2404 492 2438 Hab.
523 2405 557 2438 in
597 2403 746 2447 rupibus
782 2403 958 2437 calcareis
993 2403 1165 2437 montium
1201 2403 1345 2438 Schahu
1377 2407 1412 2437 et
1446 2405 1629 2438 Avroman
1663 2403 1909 2438 Kurdistaniae

354 2453 518 2486 7-10000'
544 2451 759 2494 (Haussk.!).

401 2516 547 2559 Species
567 2514 687 2549 affinis
707 2514 743 2549 S.
764 2518 900 2558 aryutoe
920 2519 1041 2548 tamen
1062 2513 1210 2548 floribus
1230 2513 1453 2558 longioribus
1473 2514 1643 2548 distincta
1663 2514 1814 2548 videtur.

365 2649 418 2688 S.
440 2647 719 2694 stentoria‚
743 2645 851 2687 adde
872 2659 880 2686 :

400 2734 494 2769 Hab.
512 2735 547 2768 in
568 2733 813 2768 cacuminibus
834 2733 965 2767 Libani
986 2744 1095 2777 supra
1117 2734 1258 2767 Dimam
1279 2739 1314 2768 et
1335 2734 1521 2779 Yamouny
1543 2734 1658 2778 (ΒΗ).

362 2873 397 2913 S
407 2904 416 2913 .
437 2873 693 2912 subulata
717 2884 725 2911 :

401 2961 493 2995 Dele
511 2962 545 2995 in
565 2961 657 2995 Hab.
678 2961 805 2995 Libani
821 2962 1020 3004 cacumina,
1036 2972 1116 2995 nam
1136 2962 1262 3005 planta
1284 2972 1326 2995 ex
1348 2962 1414 2995 hoc
1434 2962 1512 2996 loco
1534 2968 1587 2997 est
1607 2962 1642 2997 S.
1663 2963 1847 2997 stentoria.
