2115 3250
194 222 398 261 Teucriam.
936 232 1115 255 mmmm.
1797 218 1864 253 363

189 302 258 337 Pag.

309 357 442 437 Cilliciae
463 367 484 391 a
504 357 658 391 Peronin
679 356 810 390 lectum
832 356 867 389 in
881 355 982 389 herb.
998 355 1180 399 Tempsky
1195 365 1222 388 s.
1237 365 1330 388 nom.
1349 367 1364 383 α
1381 365 1456 388 var.
1470 354 1601 388 villosa
1615 358 1707 388 teste
1721 353 1835 387 Boiss.
1848 367 1862 381 »

310 415 357 438 vi(
372 405 409 438 it.

354 468 471 511 Hujus
492 467 681 501 varietatis
701 467 745 501 cl.
761 467 872 500 Boiss.
888 467 923 499 in
943 466 998 500 Fl.
1020 465 1081 500 Or.
1099 465 1233 499 oblitus
1251 475 1328 499 esse
1345 465 1551 508 suspicatur
1565 464 1609 498 cl.
1625 444 1866 508 Celakovskgn

191 601 283 647 811,
314 602 410 650 post
427 599 480 638 T.
502 598 844 638 lamiifolium
863 596 1131 637 inserendum
1154 599 1266 636 esset
1288 609 1296 636 :

348 685 401 724 T.
425 683 766 724 cordifolium
786 682 874 724 Cel.
897 682 925 723 l.
949 693 984 723 c.
1006 695 1048 734 p.
1072 685 1163 723 221.

355 753 446 787 Hab.
468 754 503 788 in
521 753 619 788 silvis
639 764 750 796 supra
770 753 928 787 Broussa
945 753 1126 796 Bithyniae
1143 752 1271 795 (Pichl.
1287 752 1352 786 sub
1375 753 1411 786 T.
1426 751 1591 786 Arduim'
1604 751 1734 794 var.⁴?).

356 817 500 861 Species
520 817 742 861 spectabilis,
764 827 784 851 a
809 817 845 851 T.
866 816 1030 850 Arduim'
1049 821 1084 850 et
1108 816 1144 850 T.
1165 816 1359 858 lamiifolio
1378 820 1477 851 certe
1498 815 1653 850 diversa.

190 953 281 999 815,
314 954 409 1003 post
428 951 481 990 T.
505 950 801 990 Montbreti
821 949 1045 990 inserenda
1065 952 1206 989 essent
1228 961 1237 989 z

300 1037 401 1130 18'71'9.
438 1036 845 1139 Ha21350yanum
881 1035 1046 1087 (Heldr.
1075 1034 1238 1076 Exsicc.
1271 1037 1373 1076 1878
1407 1038 1451 1075 et
1488 1033 1595 1074 OEst.
1628 1033 1725 1074 Bot.
1758 1033 1865 1074 Zeit.

406 1121 415 1137 ,
438 1101 479 1141 p.
606 1121 614 1128 .

355 1159 447 1194 Hab.
473 1160 508 1193 in
534 1160 676 1203 rupium
701 1160 908 1202 apricarum
934 1158 1072 1193 fissuris
1097 1159 1176 1192 loco
1203 1158 1406 1193 Kakiskala
1433 1158 1528 1192 dicto
1554 1168 1610 1201 pr.
1640 1157 1869 1191 Antirrhium

312 1207 358 1241 ad
379 1206 520 1241 radices
537 1207 667 1241 montis
688 1207 879 1250 Taphiassi
900 1206 995 1240 inter
1014 1206 1246 1249 Naupactum
1266 1205 1431 1240 Locridis
1449 1210 1484 1240 et
1504 1210 1662 1239 montem
1680 1205 1870 1239 Varasova

311 1254 532 1297 (Chalcidem
555 1254 798 1297 antiquorum)
821 1253 969 1287 AEtoliae
988 1253 1156 1296 (Heldr.).

349 1352 402 1391 T.
426 1352 773 1403 cuspidatum
794 1351 882 1392 Cel.
906 1351 934 1392 1.
959 1363 994 1392 c.
1017 1364 1057 1403 p.
1082 1353 1173 1392 222.

356 1422 448 1456 Hah.
469 1423 504 1456 in
524 1427 644 1456 monte
665 1421 858 1456 Mirabello
879 1422 997 1457 Cretae
1019 1421 1126 1465 (Sieb.
1148 1421 1184 1455 in
1204 1421 1307 1455 herb.
1327 1421 1538 1465 Tempsky).

357 1486 501 1528 Species
520 1486 680 1530 insignis,
705 1486 740 1519 T.
761 1486 943 1520 bracteato
963 1484 1062 1519 Desf.
1082 1485 1248 1528 maxime,
1272 1485 1309 1518 T.
1330 1484 1529 1519 Montbreti
1550 1484 1667 1517 minus
1692 1482 1813 1517 affinis
1834 1488 1868 1517 et

310 1532 355 1567 ob
376 1532 528 1577 figuram
550 1533 683 1577 calycis
703 1533 748 1567 ab
770 1532 933 1566 omnibus
954 1531 1143 1576 speciebus
1165 1538 1250 1566 sect.
1270 1531 1532 1566 Isotriodontis
1549 1531 1679 1565 aliena.

192 1666 284 1712 816,
315 1664 368 1704 T.
403 1664 757 1714 chamaedrys
777 1664 937 1716 species
958 1663 1231 1716 polymorpha
1252 1668 1317 1704 est
1346 1665 1410 1704 cui
1437 1675 1486 1704 ex
1514 1663 1565 1704 cl.
1597 1662 1685 1704 Cel.
1712 1675 1754 1714 p.
1790 1664 1867 1703 200

299 1716 502 1758 addendae
522 1720 621 1757 sunt
640 1717 869 1757 varietates
892 1730 900 1757 z

349 1804 386 1840 γ.
419 1786 634 1828 hirsutum
654 1786 741 1828 Cel.

356 1858 450 1893 Hab.
471 1859 606 1893 Tauria
628 1860 787 1897 (Pareisz
807 1871 839 1894 n.
861 1860 931 1904 33).

352 1941 386 1980 δ.
414 1939 717 1992 ,(Ιψηηοῦοΐνῃε
737 1939 826 1981 Cel.

356 2010 449 2045 Hah.
471 2010 516 2046 ad
538 2011 628 2046 Sara
648 2023 702 2055 pr.
721 2012 901 2046 Ermenek
923 2012 1057 2047 Ciliciae
1074 2012 1246 2055 (Peronin
1265 2012 1331 2046 sub
1353 2022 1428 2046 var.
1449 2012 1616 2053 hirsuta).

357 2075 477 2109 Primo
504 2076 582 2109 visu
613 2075 780 2119 specifice
812 2075 959 2110 differre
991 2076 1145 2119 videtur,
1173 2076 1237 2110 sed
1270 2075 1397 2110 formae
1429 2075 1620 2110 manifeste
1648 2075 1873 2110 intermediae

312 2121 444 2156 adsunt
464 2121 522 2165 (ex
542 2123 650 2157 Istria
671 2123 739 2167 leg.
761 2124 885 2167 Loser,
907 2133 925 2158 e
946 2123 1067 2158 Tauro
1089 2123 1235 2158 Cilicico
1258 2123 1327 2167 leg.
1349 2122 1445 2168 Ky.).

193 2254 285 2300 816,
316 2256 410 2304 post
429 2253 483 2292 T.
508 2253 864 2303 Chamaedrys
883 2253 1153 2294 inserendum
1173 2258 1286 2294 esset
1308 2266 1316 2294 :

351 2341 403 2380 T.
426 2340 706 2381 sinuatum
727 2340 814 2382 Cel.
835 2341 863 2382 1.
886 2352 922 2382 c.
945 2354 987 2393 p.
1010 2344 1102 2382 218.

358 2410 453 2445 Hab.
473 2412 508 2444 in
528 2411 756 2454 rupestribus
785 2412 917 2446 montis
946 2411 1045 2446 Gara
1075 2411 1322 2446 Kurdistaniae
1357 2411 1439 2456 (Ky.
1473 2411 1538 2446 sub
1575 2412 1611 2446 Τ.
1643 2411 1876 2457 Chamaedrys

312 2468 388 2491 var.
409 2459 584 2492 australis
600 2458 825 2502 Hohenack.,
846 2469 927 2502 quae
948 2469 1019 2492 non
1039 2464 1094 2493 est
1114 2469 1189 2493 var.
1207 2459 1385 2493 australis
1405 2459 1519 2493 Boiss.
1540 2458 1576 2492 in
1597 2459 1748 2503 sched.).

359 2524 390 2556 A
415 2523 451 2556 Τ.
474 2522 707 2567 Chamaedrye
724 2529 759 2558 et
783 2524 818 2558 T.
839 2524 973 2558 Sieberi
992 2534 1096 2568 aeque
1116 2524 1308 2559 diversum.

195 2654 287 2701 816,
319 2652 373 2691 T.
396 2651 760 2693 divaricatum
780 2653 914 2694 Boiss.
939 2652 1012 2695 Or.
1042 2665 1091 2694 ex
1112 2653 1163 2694 cl.
1195 2653 1340 2694 Celak.
1373 2657 1396 2694 2
1428 2654 1587 2706 species
1621 2658 1695 2694 aut
1722 2654 1872 2695 saltem

301 2704 540 2756 subspecies
562 2706 860 2758 geographico·
862 2706 1087 2799 parallelas
1108 2706 1456 2758 comprehendit:

381 2757 477 2797 ⁰.T
502 2758 750 2798 Graecum
765 2758 853 2799 Cel.
1036 2762 1110 2800 217
1129 2759 1199 2810 (T
1219 2759 1485 2800 lucidumFl.
1503 2758 1707 2800 Graec.—
1725 2759 1772 2801 T.
1786 2758 1876 2816 fla-

406 2823 509 2913 υἰέὲῗ,
517 2811 1520 2916 ‘³0{³555ssssssssss⁷311¹1³se¹33rae81aep023tffl1¹1221¹:3⁰3?
1525 2816 1614 2853 em
1629 2812 1795 2863 (Hem
1802 2817 1817 2863 ³
1833 2815 1876 2852 ‘³¹³

354 2918 394 2956 2⁰
406 2874 474 2955 p.T
502 2916 712 2956 Sieberi
733 2915 821 2957 Cel.
846 2916 915 2968 (T.
939 2916 1122 2958 saxatile
1143 2916 1256 2958 Sieb.
1280 2918 1429 2959 exsicc.
1446 2941 1498 2945 —-
1522 2917 1569 2958 T.
1590 2916 1874 2958 divaricatum

407 2967 541 3008 Boiss.
565 2967 638 3010 Or.
659 2980 701 3020 p.
724 2981 783 3020 p.,
807 2980 886 3010 non
909 2968 1042 3020 Sieb.)
1063 2970 1120 3022 pl.
1143 2969 1324 3010 Cretica.
