2115 3250
220 207 444 243 Hieracium.
947 218 1171 243 COMPOSITAE.
1827 209 1895 244 5325»

219 288 277 322 Pag
282 309 288 315 .

215 1655 306 1700 879,

214 1845 305 1891 881,

214 2110 306 2156 883,

322 341 512 382 siusculis
533 341 585 382 ab
607 341 790 381 externis
811 340 865 381 ad
885 341 1035 381 intima
1054 341 1206 382 sensim
1229 343 1362 382 auctis
1389 346 1543 394 praeter
1570 343 1789 393 glandulas
1812 355 1895 384 ses-

323 393 417 434 siles
437 394 537 434 setis
564 392 852 445 glanduliferis
872 393 1009 441 hirtis,
1033 393 1196 434 corollis
1217 393 1389 444 glabris,
1411 407 1547 446 pappo
1567 395 1734 435 sordido
1760 396 1891 436 brevi.

382 464 475 498 Hab.
493 465 529 498 in
549 465 696 508 regione
715 464 875 498 abietina
898 464 1017 498 media
1045 469 1080 498 et
1105 465 1293 507 superiore
1319 466 1448 499 montis
1470 465 1593 499 Korax
1618 466 1766 500 AEtoliae
1788 469 1894 501 4500-

337 513 437 545 5500'
458 510 598 554 (Heldr.
619 510 670 554 pl.
690 511 802 545 Graec.
824 515 916 554 sept.
940 512 1041 554 1879,
1062 511 1112 544 N⁰
1133 513 1220 545 7241
1242 511 1306 545 sub
1328 512 1376 545 H.
1395 512 1616 553 Reinholdi).

382 574 569 618 Bipedale,
590 574 760 618 panicula
781 579 935 618 angusta
955 575 1032 608 fere
1054 575 1207 618 pedalis,
1229 574 1318 609 folia
1338 575 1512 610 inferiora
1531 578 1591 610 4-5
1614 576 1764 619 pollices
1787 577 1895 620 longa

335 622 626 665 sesquipollicem
658 621 746 655 lata.
774 621 950 664 Capitulis
974 622 1142 655 tenuibus
1167 621 1377 665 paucifloris
1407 622 1517 656 affine
1544 623 1686 666 quidem
1708 624 1755 657 H.
1787 624 1895 657 Reiu—

334 668 435 702 holdi
464 684 505 695 z
533 668 581 702 H.
614 668 833 702 bracteolato
864 669 947 712 Sm.,
974 668 1036 702 sed
1069 669 1104 702 in
1131 669 1199 702 hoc
1233 670 1323 703 rami
1351 669 1457 703 valde
1492 671 1652 714 elongati
1684 671 1896 714 corymbosi,

336 715 497 758 capitula
517 715 624 758 longe
650 714 907 759 pedunculata,
925 715 1150 750 involucrum
1173 715 1340 759 glabrum
1368 717 1424 750 vel
1452 717 1516 751 sub
1548 718 1645 751 lente
1673 717 1718 750 ad
1746 728 1895 751 nervum

334 771 445 805 parce
465 762 610 796 hirtum.

274 896 308 939 '‚
343 893 407 932 H.
441 892 785 943 Olympicum
818 905 843 932 a
868 891 969 932 clar.
1002 891 1120 943 Naeg.
1162 896 1205 932 et
1242 892 1334 933 Pet.
1372 893 1440 944 qui
1475 897 1673 934 caeterum
1706 894 1895 945 plantam

322 956 402 985 non
424 944 618 985 viderunt
639 945 885 985 dubitanter
907 945 1018 985 inter
1043 945 1341 986 Piloselloeldea
1362 950 1410 986 ut
1436 945 1569 986 forma
1590 947 1701 987 inter
1721 947 1780 987 H.
1803 960 1897 999 pro-

320 1011 460 1038 cerum
481 1001 524 1038 et
542 997 788 1038 Pilosellam
813 997 993 1050 hybrida
1014 998 1277 1046 collocatum,
1302 998 1375 1038 sed
1396 998 1509 1038 nulla
1530 1010 1624 1039 cum
1655 1000 1712 1040 eis
1742 1000 1896 1051 specie-

320 1050 398 1090 bus
418 1050 647 1091 similitudo
668 1056 711 1091 et
737 1062 899 1102 pappus
929 1050 1145 1102 inaequalis
1176 1050 1434 1103 acheniaque
1453 1052 1650 1103 elongata
1671 1052 1788 1103 apice
1815 1064 1896 1093 non

322 1102 581 1144 denticulata
601 1104 768 1144 omnino
788 1103 1054 1144 Eulzieracz'i.

326 1176 427 1267 19)βὸἒῖ
433 1173 606 1267 «Ῑαηὲίέἐ
626 1173 735 1214 adde
754 1185 845 1226 syn.
870 1186 878 1214 :
904 1173 963 1214 H.
985 1173 1290 1226 pilosissimum
1310 1173 1450 1214 Janka
1476 1186 1561 1215 exs.
1595 1186 1670 1215 nec
1696 1174 1807 1216 Friv.
1833 1175 1894 1216 Fl.

380 1235 385 1241 ·
433 1238 505 1278 ,p.
612 1258 621 1267 .

379 1297 473 1332 Hah.
494 1299 531 1332 in
556 1298 681 1332 Haemo
708 1309 823 1342 prope
849 1298 1003 1333 Kalofer
1025 1298 1227 1342 (Pichlerl).

379 1361 497 1405 Hujus
516 1362 705 1396 varietatis
723 1361 812 1396 folia
831 1362 975 1396 caulina
995 1373 1090 1406 saepe
1112 1363 1495 1405 semiamplexicaulia.

379 1426 428 1460 H.
455 1426 680 1470 Olympicum
699 1432 739 1460 ut
759 1432 794 1460 et
820 1427 869 1461 H.
896 1428 1109 1471 amblylepis
1139 1432 1175 1461 et
1201 1428 1414 1471 macrolepis
1439 1427 1575 1461 habent
1602 1426 1689 1461 folia
1719 1427 1897 1462 radicalia

333 1472 399 1506 sub
418 1474 560 1507 anthesi
578 1474 810 1517 persistentia
830 1474 984 1518 ideoque
1001 1475 1205 1509 naturalius
1231 1475 1324 1509 inter
1343 1475 1589 1509 Pulmonarea
1609 1475 1770 1509 Oreadea
1790 1486 1896 1519 quam

332 1520 426 1554 inter
446 1521 585 1555 Italica
604 1521 773 1555 militant.

339 1653 404 1694 H.
437 1654 873 1704 cydoniaefolium
899 1654 1038 1706 potius
1068 1653 1201 1695 forma
1228 1654 1334 1695 foliis
1367 1655 1651 1706 superioribus
1679 1655 1897 1696 abbrevia-

321 1706 374 1747 tis
395 1706 454 1747 H.
472 1706 811 1759 prenanthoidis.

340 1844 629 1895 Laqoseris
649 1844 830 1889 bifida,
855 1844 964 1885 adde
986 1857 994 1884 :

378 1930 472 1964 Hah.
493 1930 528 1964 in
548 1930 778 1973 rupestribus
796 1931 904 1975 Cypri
925 1930 972 1964 ad
998 1930 1164 1965 Kantara
1192 1930 1294 1974 (Sint.
1326 1935 1361 1965 et
1390 1931 1527 1975 Rigon,
1554 1932 1589 1965 in
1616 1932 1767 1975 planitie
1798 1932 1896 1966 elata

331 1976 463 2011 Galala
484 1977 619 2012 deserti
640 1978 1031 2022 AEgyptiaco-Arabici
1052 1978 1304 2019 (Schweinf.l).

338 2112 434 2160 post
454 2109 510 2148 L.
532 2107 920 2148 hieracioidem
940 2108 1078 2149 insere
1099 2121 1107 2148 :

373 2195 429 2234 L.
452 2195 741 2235 runcinata
763 2194 957 2246 (Trautv.
975 2194 1069 2235 Act.
1088 2194 1215 2236 Petro
1251 2227 1259 2235 .
1278 2194 1350 2243 IV,
1368 2207 1409 2247 p.
1428 2198 1518 2244 385,
1537 2195 1613 2236 sub
1629 2194 1895 2241 Pterothecci)

319 2245 470 2287 radicis
496 2247 758 2299 multicipitis
786 2247 890 2288 collo
916 2259 1153 2300 squamoso,
1176 2207 1284 2288 foiiis
1310 2248 1501 2289 omnibus
1522 2248 1775 2290 radicalibus
1795 2249 1897 2301 pilo-

317 2299 418 2340 sulis
433 2300 498 2340 vel
520 2300 723 2341 olabratis
743 2301 783 2341 in
799 2300 1001 2353 petiolum
1017 2301 1172 2341 sensim
1187 2302 1419 2341 attenuatis
1435 2300 1642 2353 profunde
1655 2303 1896 2343 runcinato-

317 2331 592 2445 pinnatifidis,
615 2353 776 2394 laciniis
803 2354 1054 2394 acuminatis
1080 2354 1494 2394 lineari-lanceolatis
1522 2355 1733 2396 terminali
1762 2355 1895 2396 multo

333 2405 506 2457 ongiore
536 2405 986 2458 oblongo-lanceolata,
1016 2406 1151 2458 scapis
1191 2406 1461 2459 1-3-cephalis
1494 2405 1592 2447 folia
1626 2408 1747 2459 longe
1776 2419 1898 2460 supe-

318 2457 524 2507 rantibus,
560 2459 763 2500 involucri
796 2460 926 2500 erecti
964 2459 1151 2511 calyculo
1190 2459 1316 2511 triplo
1350 2459 1550 2500 brevioris
1582 2460 1732 2513 phyllis
1773 2460 1896 2501 dorso

320 2509 447 2551 dense
482 2511 645 2559 setosis,
681 2512 937 2564 receptaculi
968 2513 1069 2553 setis
1103 2524 1286 2565 pappum
1320 2513 1680 2565 subaequantibus,
1714 2513 1895 2554 flosculis

318 2563 458 2611 luteis,
494 2563 678 2604 acheniis
711 2564 902 2606 omnibus
937 2564 1218 2606 conformibus
1249 2566 1448 2618 utrinque
1479 2578 1628 2618 parum
1662 2568 1896 2608 attenuatis

320 2615 603 2657 multistriatis
622 2616 793 2658 laevibus
820 2621 878 2664 Q.

378 2686 471 2721 Hab.
491 2687 528 2721 in
547 2691 668 2722 monte
686 2688 824 2732 Alagos
843 2689 1024 2723 Armeniae
1047 2688 1206 2732 (Radde)
1223 2689 1318 2732 (Non
1340 2689 1443 2733 vidi).

378 2751 485 2794 Scapi
516 2750 779 2795 ¹12—l·pedales‚
806 2751 895 2786 folia
921 2753 1202 2796 3-4-pollicaria‚
1230 2753 1393 2796 capitula
1425 2753 1683 2797 magnitudinis
1702 2753 1744 2787 L.
1766 2754 1893 2796 bifidae.

333 2797 384 2832 Cl.
406 2802 533 2832 auctor
553 2798 577 2832 l.
598 2799 658 2832 cit.
684 2800 891 2842 suspicatur
925 2800 1110 2843 Crepidem
1138 2799 1320 2835 Ssahendi
1347 2801 1463 2835 Boiss.
1495 2806 1529 2834 et
1562 2801 1683 2835 Buhse
1702 2801 1773 2835 huc
1802 2800 1894 2836 refe-

332 2844 480 2879 rendam
503 2855 591 2887 esse,
609 2845 672 2880 sed
694 2847 857 2891 erronee,
879 2857 958 2881 nam
982 2847 1090 2890 hujus
1108 2847 1380 2891 receptaculum
1402 2848 1544 2882 omnino
1565 2848 1711 2882 nudum.
