2094 3351
207 229 250 264 14
884 242 1199 267 nsxuxcumcmz
1632 233 1874 271 Ranunculus.

224 308 289 343 Pug.

363 362 398 402 δ.
431 361 650 402 Balansae.
672 385 723 390 -—
744 362 907 411 Elatus,
930 362 1120 404 foliorum
1142 362 1388 404 radicalium
1406 363 1563 405 lamina
1581 364 1717 406 minor
1739 367 1879 416 1¹l2-2-

310 414 674 508 glzlgregfffiggssus
696 414 827 456 divisa
846 416 1143 467 partitionibus
1163 415 1549 469 cuneato-oblongis
1564 417 1712 459 obtuse
1729 421 1772 459 et
1786 417 1880 460 bre-

367 538 460 572 Hab.
481 539 517 572 in
536 540 653 583 pratis
674 538 754 575 udis
774 539 976 584 subalpinis
995 540 1101 575 Ponti
1118 539 1240 575 Lazici
1256 549 1372 585 prope
1390 539 1517 585 Djimil
1539 540 1677 585 (Bari).

235 688 299 734 51,
333 686 393 725 R.
414 686 805 737 crymophiluS,
827 686 961 728 adde:

363 774 400 826 β.
422 772 574 824 major.
599 796 652 801 —-
680 772 796 814 Folia
827 784 922 814 cum
952 773 1107 826 petiolo
1133 774 1328 826 elongato
1357 773 1628 826 tripollicaria
1652 774 1879 826 segmentis

312 825 604 866 remotioribus
637 825 796 867 laciniis
830 826 1016 867 dilatatis
1045 826 1338 878 sesquilineam
1367 827 1475 875 latis,
1511 827 1650 868 caules
1677 827 1880 880 6-9-polli-

311 889 427 919 cares
453 878 688 919 dichotome
721 878 898 920 2-6-fl01·i
926 879 1170 931 pedunculis
1197 880 1346 931 longis,
1376 879 1558 932 cai-pella
1588 892 1742 932 magna
1772 891 1880 921 com-

308 942 452 982 pressa
469 931 702 972 orbiculata
722 931 927 973 diametro
947 931 1034 973 fere
1053 932 1347 985 sesquilineam
1362 932 1449 973 lata
1468 936 1604 974 rostro
1620 933 1736 974 tenui
1755 933 1880 985 aequi-

310 984 433 1035 longo
454 983 574 1025 valde
595 996 767 1026 recurvo
788 985 968 1037 abrupte
988 986 1229 1026 terminata.

368 1053 462 1088 Hab.
495 1054 541 1088 ad
575 1055 674 1089 nives
702 1055 738 1089 in
769 1055 951 1090 montibus
983 1058 1167 1090 Avroman
1202 1061 1238 1090 et
1269 1055 1413 1091 Schalm
1446 1055 1692 1091 Kurdistaniae
1724 1056 1879 1091 Persicae

322 1102 487 1135 9-10000'
508 1102 724 1146 (Haussk.!).

369 1165 502 1208 Sepala
535 1175 578 1199 ex
612 1165 866 1208 speciminibus
893 1166 1007 1209 magis
1037 1165 1225 1209 completis
1248 1166 1413 1210 patentia
1437 1176 1503 1200 nec
1527 1164 1675 1210 reflexa,
1700 1165 1781 1200 ideo
1802 1165 1880 1201 haec

321 1212 459 1255 species
477 1217 517 1246 ut
537 1219 572 1247 et
592 1212 638 1247 R.
653 1213 890 1257 procumbens
907 1223 1023 1257 prope
1039 1213 1086 1248 R.
1103 1213 1301 1258 Sibthorpii
1320 1219 1356 1248 et
1372 1213 1501 1248 Huetii
1519 1212 1784 1248 transferenda.

229 1348 294 1393 51,
325 1346 384 1386 R.
406 1346 786 1396 procumbens,
809 1345 919 1387 adde
940 1358 948 1386 :

321 1433 480 1525 (HHab.k
493 1433 539 1524 a?
568 1434 704 1469 rivulos
729 1434 868 1469 nivales
899 1434 1030 1469 montis
1061 1433 1264 1469 Dalechani
1293 1434 1427 1469 Persiae
1457 1433 1691 1469 occidentalis
1717 1434 1880 1469 9-11000‘

372 1491 454 1516 auss
486 1509 510 1515 ..
529 1508 537 1515 .

367 1545 573 1589 Specimina
589 1549 730 1579 tantum
750 1544 914 1580 florifera
933 1545 1004 1579 huc
1020 1549 1189 1589 spectare
1207 1544 1388 1593 videntur.

230 1691 295 1737 52,
329 1689 389 1729 R.
411 1689 763 1741 strigillosus‚
786 1688 895 1730 adde
913 1688 1076 1730 locum:

369 1775 410 1810 In
426 1775 622 1820 paludibus
639 1776 796 1821 regionis
813 1777 947 1821 alpinae
966 1777 1073 1811 Ponti
1090 1777 1211 1811 Laziei
1230 1787 1346 1822 prope
1365 1777 1493 1822 Djimil
1513 1779 1616 1812 7500(
1633 1777 1727 1822 (Bal.
1739 1777 1775 1822 l).

230 1928 295 1973 53,
329 1926 388 1966 R.
410 1925 767 1974 lateriflorus,
791 1924 900 1967 adde
923 1939 931 1967 :

367 2014 409 2048 In
428 2014 617 2059 uliginosis
633 2013 768 2050 deserti
784 2015 1059 2059 Mesopotamiae
1078 2025 1194 2060 prope
1211 2015 1411 2051 Meschkok
1429 2015 1645 2060 (Haussk,l).

230 2169 294 2213 55,
329 2166 387 2205 R.
421 2165 780 2217 marginata&
812 2165 921 2207 adde
947 2177 1039 2219 syn.
1065 2179 1073 2206 :
1097 2164 1156 2207 R.
1180 2165 1481 2220 ylechomoides
1508 2166 1674 2209 Griseb.
1704 2166 1814 2220 Spic.
1844 2166 1878 2216 I,

309 2230 350 2270 p.
372 2221 462 2267 314,
486 2230 536 2259 ex
554 2218 762 2271 autopsia.

368 2288 463 2323 Hab.
485 2299 628 2333 quoque
647 2289 684 2324 in
703 2288 920 2324 Macedonia
939 2299 1055 2334 prope
1075 2289 1370 2325 Thessalonicam
1392 2289 1591 2335 (Griseb.!).

230 2439 296 2484 55,
329 2436 388 2476 R.
410 2436 825 2487 trachycarpus,
851 2439 889 2490 β.
913 2435 1199 2487 scandicina-s,
1222 2435 1331 2477 adde
1346 2436 1458 2478 locos
1481 2449 1489 2477 :

369 2523 553 2568 AEgyptus
571 2523 617 2557 ad
636 2523 898 2558 Alexandriam
917 2528 953 2558 et
970 2524 1167 2558 Palaestina
1181 2534 1296 2568 prope
1310 2524 1332 2558 J
1336 2535 1466 2568 oppem
1482 2524 1670 2568 (Letourn.
1683 2524 1718 2570 !),
1732 2524 1883 2560 Kurdis-

325 2571 426 2605 tania
444 2570 490 2605 ad
511 2570 651 2605 radices
671 2571 801 2605 montis
821 2571 882 2605 Pir
903 2571 1013 2606 Omar
1034 2571 1186 2606 Gudrun
1208 2571 1422 2612 (Haussk.!).

362 2650 399 2687 γ.
433 2632 637 2675 Gm'lelmz'
657 2633 841 2675 Jordani
862 2633 1073 2686 (Aschers.
1093 2633 1323 2675 Verbandl.
1345 2633 1586 2676 Brandenb.
1613 2637 1726 2684 1879,
1748 2647 1790 2687 p.
1813 2637 1878 2683 64,

309 2686 644 2792 ggrspffiffleisgpi—
668 2685 815 2727 Petala
841 2686 983 2739 calyce
1008 2686 1176 2728 demum
1199 2686 1352 2728 reflexo
1378 2699 1459 2728 non
1488 2687 1553 2728 vel
1579 2687 1647 2728 vix
1674 2687 1876 2740 longiora,

369 2808 463 2844 Hab.
481 2809 518 2844 in
538 2809 646 2844 cultis
662 2809 817 2844 humidis
835 2809 988 2854 AEgypti
1004 2809 1186 2844 inferioris
1207 2814 1242 2844 et
1260 2809 1399 2853 mediae,
1413 2809 1460 2845 ad
1479 2810 1661 2845 Matarieh
1677 2810 1825 2854 (ΕΒΓΑ),
1844 2811 1881 2845 in

324 2856 461 2891 ditione
485 2857 647 2901 Fayoum
677 2856 926 2901 (Schweinf.!),
952 2858 987 2891 in
1015 2857 1100 2892 Oasi
1126 2856 1309 2891 Farafrah
1331 2857 1543 2900 (Aschers.),
1569 2867 1684 2901 prope
1712 2857 1880 2893 Cahiram

325 2903 505 2946 (Sickenb.
527 2914 571 2939 ex
598 2904 708 2938 Asch.
734 2904 770 2938 in
794 2903 893 2945 lim).
920 2904 1053 2939 Forma
1073 2905 1108 2938 in
1129 2905 1289 2948 AEgypto
1310 2903 1482 2939 inferiore
1499 2904 1574 2939 late
1597 2904 1796 2949 divulgata,
1818 2904 1880 2940 ubi

323 2951 368 2986 R.
389 2951 644 2996 trachycarpus
662 2952 803 2997 typicus
817 2962 959 2996 quoque
976 2951 1091 2995 adest,
1112 2951 1175 2987 sed
1189 2951 1395 2987 rarissimus
1410 2956 1445 2987 et
1461 2951 1702 2996 probabiliter
1715 2957 1881 2988 recenter

324 2998 564 3033 introductus.
