2094 3351
200 250 268 286 242
906 256 1163 281 ONAGRAROEAE.
1648 243 1863 289 Epilobium.

308 381 387 434 bey
408 380 569 421 observ.
593 377 928 430 conjungendum
956 381 998 418 et
1016 376 1112 417 huic
1138 381 1186 417 ut
1213 387 1341 429 synon
1373 388 1470 417 mon
1497 374 1749 422 addendum,
1773 386 1869 414 uam

310 434 352 474 in
373 432 426 473 Ε.
443 430 633 485 palustri
654 431 832 482 genuino
853 429 981 470 caulis
1007 428 1217 470 interdum
1246 429 1345 470 obso
1364 432 1430 470 ete
1451 429 1629 469 lineatus
1650 431 1693 468 et
1711 428 1870 468 semina

310 496 473 538 quoque
492 484 609 536 apice
627 484 668 524 in
689 483 838 523 collum
859 482 1098 522 constricta.

201 618 292 662 751,
324 613 377 654 ad
398 612 553 654 calcem
574 612 736 663 generis
762 610 1064 661 Epilobium
1083 610 1219 650 insere
1238 622 1246 650 :

786 728 948 782 Species
967 728 1072 769 mihi
1092 742 1173 769 non
1194 728 1297 769 visa.

366 838 421 877 E.
463 835 867 876 Grifiithianum
904 833 1107 884 (Haussk.
1143 833 1248 874 OEst.
1285 833 1380 874 Bot.
1414 833 1518 874 Zeit.
1559 836 1671 881 1879,
1706 846 1746 885 p.
1785 833 1876 884 151)

313 889 626 941 glaberrimum‚
668 887 896 927 rhizomate
938 886 1054 926 brevi
1101 885 1331 934 rosulifero,
1371 885 1488 927 caule
1525 886 1701 938 simplici
1738 890 1877 926 erecto

313 943 459 983 stricto
495 944 655 981 remote
681 939 823 980 foliato
847 939 1039 979 elevatim
1070 938 1238 987 lineato,
1277 939 1382 979 foliis
1416 938 1562 979 lucidis
1594 938 1878 979 crassiusculis

313 994 524 1036 sessilibus
545 993 733 1043 oblongis
755 1005 779 1032 a
797 992 888 1032 basi
915 991 1092 1032 dilatata
1113 992 1266 1032 sensim
1291 992 1527 1043 angustatis
1552 991 1712 1032 obtusis
1733 991 1879 1032 leviter

315 1047 599 1094 denticulatis,
632 1045 854 1085 alabastris
881 1044 1142 1096 glaberrimis
1173 1044 1503 1095 ovato-oblongis
1533 1045 1681 1092 acutis,
1710 1043 1880 1085 floribus

314 1100 485 1141 minutis
506 1099 682 1146 carneis,
704 1098 905 1150 stigmate
932 1097 1106 1145 clavato,
1142 1097 1319 1149 capsulis
1353 1097 1613 1149 glaberriinis
1639 1097 1880 1137 brevissime

314 1152 587 1205 pedicellatis,
606 1151 833 1192 seminibus
850 1149 1235 1201 obovato-oblongis
1251 1150 1339 1190 basi
1359 1150 1654 1191 obtusiusculis
1671 1150 1747 1190 sub
1768 1149 1880 1190 lente

311 1205 450 1246 valida
469 1205 613 1245 crebre
632 1203 859 1255 papillosis.

328 1277 521 1367 (binah-'ip
544 1276 739 1319 Afl'ghania
765 1275 811 1309 ad
841 1274 1025 1318 Hadjiguk
1050 1281 1084 1308 et
1112 1275 1264 1308 Bamian
1292 1275 1327 1308 in
1357 1274 1500 1318 alpibus
1528 1273 1643 1317 (Griff.
1672 1284 1745 1309 exs.
1777 1274 1880 1317 1227)

342 1346 354 1358 1
375 1335 420 1357 on
437 1335 483 1357 vu
499 1330 536 1362 ι).

354 1387 429 1467 ll?
451 1387 494 1439 cl..
516 1392 663 1420 auctore
690 1385 798 1420 affine
820 1385 864 1419 E.
888 1385 1108 1428 minutifloro
1139 1384 1204 1419 (E.
1228 1390 1420 1429 tetraqono
1448 1396 1522 1419 var.
1550 1385 1799 1428 minutifloro),
1820 1384 1883 1420 sed

329 1446 350 1478 g
368 1445 389 1468 a
417 1444 584 1468 errimum

215 1559 305 1603 751,
338 1555 574 1595 Jussiaea
595 1565 808 1605 repens,
831 1553 939 1594 adde
962 1567 970 1594 :

374 1644 467 1678 Hab.
486 1654 628 1687 quoque
643 1644 680 1677 in
696 1642 852 1677 Oasibus
867 1644 981 1686 parva
999 1647 1034 1676 et
1053 1642 1191 1677 Dachel
1207 1642 1341 1677 deserti
1355 1643 1479 1688 Libyci
1493 1643 1644 1688 AEgypti
1663 1643 1886 1687 (Aschers.!).

217 1769 307 1813 753,
341 1765 546 1805 Circaea
567 1764 867 1812 Lutetiana‚
890 1763 997 1804 adde
1020 1776 1028 1804 :

379 1850 470 1885 Hab.
492 1852 527 1884 in
548 1851 744 1885 castanetis
764 1851 895 1884 montis
916 1851 1042 1885 Pelion
1062 1850 1260 1885 Thessaliae
1281 1850 1462 1894 (Heldr.!).

487 2098 695 2137 0131)ss
738 2098 977 2137 XLVII.
1024 2098 1617 2139 (JUCIJRBITACEAE

217 2285 307 2331 760,
345 2282 582 2332 Bryonia
603 2271 791 2331 dioi'ca,
814 2281 922 2322 adde
945 2294 953 2322 z

382 2370 475 2405 Hab.
496 2370 542 2405 ad
561 2381 666 2414 sepes
684 2371 789 2405 vallis
809 2370 946 2405 Hariab
969 2370 1174 2414 Affghaniae
1197 2371 1356 2414 (Aitch.).

220 2495 311 2540 760,
345 2494 405 2532 Β.
428 2492 654 2540 Cretica,
677 2491 785 2532 adde
807 2504 815 2531 :

385 2582 478 2616 Hab.
496 2582 532 2615 in
556 2582 680 2615 Attica
698 2580 884 2625 (Heldr.!),
904 2581 1022 2615 insula
1043 2581 1167 2625 Hydra
1188 2581 1360 2624 (Pichl.!)‚
1382 2581 1500 2626 Cypro
1521 2580 1567 2616 ad
1589 2581 1715 2616 Atinia
1736 2581 1838 2625 (Sint.
1857 2585 1892 2616 et

340 2629 477 2674 Rigol),
498 2628 709 2672 Karpathos
730 2628 777 2662 ad
793 2639 913 2662 muros
931 2628 1081 2672 Pigadia
1097 2629 1224 2671 (Pichl.
1243 2630 1355 2671 2731).

222 2753 312 2798 761,
347 2751 404 2789 Β.
427 2749 739 2793 multiflora,
762 2748 871 2790 adde
892 2761 900 2789 :

389 2837 482 2871 Hah.
502 2837 548 2871 ad
565 2837 718 2871 Eleussa
734 2836 843 2881 Cypri
858 2837 961 2876 (Sint.
976 2843 1011 2871 et
1028 2837 1161 2880 Rigoi),
1176 2837 1372 2872 Palaestina
1385 2837 1432 2872 ad
1446 2837 1586 2873 Sichem
1602 2836 1849 2881 (Fahrgraber
1859 2837 1894 2880 1),

341 2885 466 2919 Persia
486 2885 638 2919 australi
661 2884 791 2928 (Auch.
812 2884 917 2927 4501)
939 2888 974 2918 et
995 2884 1190 2928 Affghania
1212 2884 1341 2929 (Griff.,
1362 2885 1467 2919 ambo
1494 2895 1538 2919 ex
1562 2885 1748 2928 Cogniaux
1768 2884 1880 2925 Mon.)

223 3006 313 3051 762,
345 3007 440 3055 post
461 3015 591 3055 genus
614 3004 907 3054 Bryoniam
928 3003 1063 3044 insere
1085 3017 1093 3044 :
