2094 3351
212 269 281 305 294

209 349 279 384 Pag.

214 913 304 959 224,

942 282 1165 307 nonnosum.
1662 274 1876 321 Αηαρῆαἱὶε,

371 402 430 441 Α.
451 401 665 452 virgata
687 401 875 446 (Thoms.
899 402 938 442 in
961 401 1112 443 Clarke
1141 401 1286 454 Comp.
1309 402 1400 443 Ind.
1428 404 1519 453 107)
1547 403 1743 455 adpresse
1767 403 1888 444 bom—

318 452 468 505 bycina
487 453 754 500 multicaulis,
779 454 965 494 caulibus
986 454 1179 495 tenuibus
1201 456 1350 496 erectis
1371 456 1529 496 striatis
1546 456 1691 497 crebre
1711 455 1881 504 foliosis,

320 505 424 546 foliis
445 506 657 547 sessilibus
682 506 771 547 basi
802 507 991 557 angustis
1017 512 1194 558 anguste
1229 508 1451 549 linearibus
1479 509 1613 549 acutis
1645 509 1882 560 apiculatis,

319 558 511 610 capitulis
548 559 720 599 minutis
752 560 1056 610 campanulatis
1089 560 1129 600 in
1168 560 1384 612 corymbos
1417 561 1742 613 capituliformes
1773 573 1889 613 saepe

319 612 566 663 compositos
588 611 783 652 confertis
805 612 908 652 albis
926 612 989 652 vel
1010 613 1138 652 roseis
1165 616 1222 659 ῆι.

352 682 535 771 ῐῖῗέξὲιίι]
562 682 742 717 montibus
770 682 943 717 Shendtoi
974 688 1009 717 et
1029 683 1194 718 Sikaram
1216 683 1420 728 Affghaniae
1441 685 1605 719 9-13000'
1628 685 1762 720 (Aitch.
1795 686 1887 718 1223

332 739 349 763 e
487 756 492 762 .
514 756 520 762 .

378 790 444 825 Ar.
471 790 612 833 Geogr.
633 792 731 826 Ditio
752 792 935 826 Kunawar
957 799 991 827 et
1011 792 1154 828 Tiberia
1174 793 1420 828 occidentalis.

339 911 675 962 Lasiopoqon
696 911 1018 960 muscoides,
1040 906 1148 953 adde
1170 924 1178 952 ε

378 981 471 1016 Hab.
487 982 522 1015 in
537 982 697 1026 AEgypto
716 982 761 1016 ad
778 982 907 1017 Ramle'
927 993 1041 1026 prope
1059 983 1320 1018 Alexandriam
1343 984 1528 1027 (Letourn.
1544 984 1618 1028 74l)
1636 991 1670 1019 et
1686 985 1722 1018 in
1740 983 1892 1019 deserto

332 1029 726 1073 AEgyptiaco-Arabico
749 1028 951 1072 (Schweinf.
962 1031 996 1072 ἔ).

216 1153 307 1198 230,
338 1158 432 1202 post
455 1150 840 1201 Helichrysum
861 1150 1131 1191 Orientale
1154 1151 1289 1192 insere
1312 1164 1320 1192 :

217 2052 308 2097 237,

212 2899 304 2947 240,

375 1237 439 1276 Η.
472 1237 709 1277 Pichleri
742 1236 940 1289 (Barbey,
962 1237 1085 1278 Bull.
1123 1237 1212 1278 Soc.
1247 1237 1374 1279 raud.
1398 1251 1453 1279 sc.
1485 1239 1593 1289 nat„
1619 1240 1733 1287 1885,
1766 1250 1808 1291 p.
1843 1239 1889 1290 4)

320 1294 455 1330 totum
478 1289 676 1341 adpresse
695 1290 985 1330 tomentellum
1006 1289 1243 1330 flavividum
1272 1291 1550 1343 caespstosum,
1574 1291 1762 1332 caulibus
1791 1290 1889 1332 sim-

318 1342 552 1394 plicissimis
584 1341 781 1393 adpresse
810 1341 979 1390 foliosiS,
1003 1342 1109 1383 foliis
1134 1343 1367 1383 rosularum
1397 1344 1601 1385 sterilium
1630 1343 1888 1396 caulinisque

319 1394 584 1436 inferioribus
610 1395 797 1435 obovatis
829 1395 870 1435 in
901 1395 1101 1447 petiolum
1132 1395 1420 1436 brevissimum
1448 1397 1680 1437 attenuatis
1702 1397 1889 1448 superio-

319 1448 434 1489 ribus
464 1447 912 1499 lingulam-linearibus
934 1448 1146 1489 sessilibus
1172 1449 1279 1489 cauli
1300 1448 1523 1501 adpressis,
1552 1448 1745 1501 capitulis
1769 1452 1890 1490 15-20

321 1500 500 1552 globosis
531 1500 822 1541 subsessilibus
851 1501 891 1541 in
922 1501 1151 1552 capitulum
1181 1501 1396 1553 globosum
1429 1502 1651 1554 congestis,
1686 1502 1888 1543 involucri

321 1553 458 1594 citrini
475 1552 594 1593 nitidi
609 1552 760 1605 phyllis
779 1553 930 1594 erectis
944 1554 1278 1606 ovato-oblongis
1298 1554 1570 1596 subconcavis
1589 1554 1749 1595 obtusis
1770 1555 1892 1608 apice

321 1605 507 1646 subfissis
534 1609 592 1653 Qt.

379 1677 473 1711 Hah.
495 1677 541 1711 ad
561 1688 669 1721 rupes
689 1677 880 1712 verticales
897 1678 1023 1712 summi
1043 1678 1174 1712 montis
1195 1678 1390 1712 Kalolimni
1407 1678 1534 1713 insulae
1554 1678 1764 1723 Karpathos
1783 1680 1888 1720 4800,

334 1723 392 1767 (cl.
413 1724 602 1764 Pichler!).
624 1725 793 1767 Capitula
810 1726 956 1759 ineunte
977 1725 1084 1760 Junio
1102 1725 1259 1759 nondum
1280 1726 1423 1760 omnino
1444 1736 1617 1769 expansa.

381 1788 526 1830 Species
547 1787 694 1831 elegans
715 1787 811 1822 foliis
828 1788 1030 1822 rosularum
1053 1792 1067 1822 1
1089 1789 1419 1832 ¹l2-2-pollicaribus
1439 1791 1522 1824 8-10
1548 1789 1662 1823 lineas
1688 1789 1783 1832 latis,
1805 1799 1888 1823 cau-

335 1833 428 1868 libus
449 1834 720 1878 simplicissimis
741 1834 851 1869 dense
870 1834 1008 1870 foliosis
1031 1836 1323 1878 semipedalibus.
1346 1836 1515 1880 Capitula
1543 1836 1619 1871 fere
1640 1836 1889 1880 magnitudine

335 1881 403 1925 pisi
427 1881 463 1914 in
490 1881 687 1925 capitulum
715 1882 868 1925 simplex
895 1883 995 1916 nucis
1017 1883 1273 1926 magnitudinis
1292 1888 1474 1928 congesta.
1495 1883 1609 1918 Juxta
1629 1883 1677 1918 H.
1703 1883 1896 1919 Orientale·

334 1927 429 1972 quod
450 1927 546 1962 foliis
560 1929 732 1972 angustis,
753 1929 922 1973 capitulis
948 1929 1178 1974 corymbosis,
1200 1935 1267 1965 etc.
1286 1930 1407 1965 differt
1427 1930 1689 1965 collocandum.

339 2051 434 2101 post
456 2048 520 2088 H.
541 2047 942 2087 artemisioides
961 2048 1098 2088 insere
1119 2060 1128 2088 z

376 2136 439 2176 H.
478 2133 1001 2182 dracunculiiolium,
1036 2138 1170 2174 totum
1204 2134 1401 2194 adpresse
1431 2134 1720 2176 tomentellum
1749 2134 1889 2175 multi-

323 2189 455 2236 caule‚
479 2186 667 2228 caulibus
688 2186 883 2227 tenuibus
904 2187 1052 2227 erectis
1083 2186 1227 2226 crebre
1248 2186 1416 2235 foliosis,
1439 2187 1544 2228 foliis
1565 2187 1778 2229 sessilibus
1798 2188 1889 2228 uni-

323 2242 473 2283 nerviis
495 2253 519 2281 a
538 2240 628 2281 basi
649 2239 948 2280 subcontracta
977 2239 1218 2279 lanceolatis
1245 2240 1748 2288 attenuato-acuminatis,
1779 2241 1888 2292 capi-

324 2295 422 2336 tulis
450 2294 583 2335 ovatis
608 2292 747 2345 parvis
767 2292 1056 2333 terminalibus
1078 2292 1227 2332 3-5-nis
1248 2292 1459 2344 pedicellis
1480 2293 1539 2333 eis
1564 2293 1889 2345 subaequilongis

321 2347 502 2389 suffultis
523 2347 563 2387 in
584 2344 801 2398 corymbos
824 2345 1072 2397 compositos
1094 2344 1318 2397 dispositis,
1341 2345 1541 2386 involucri
1564 2345 1692 2386 albidi
1712 2346 1773 2387 vel
1801 2346 1890 2398 pal-

320 2400 403 2442 lide
424 2399 563 2441 carnei
583 2398 733 2451 phyllis
766 2398 965 2439 15-20-nis
992 2397 1082 2439 basi
1103 2397 1355 2438 tomentellis
1369 2398 1492 2450 apice
1513 2398 1666 2439 teneris
1696 2398 1893 2439 scariosis

321 2453 510 2503 oblongis
542 2451 702 2493 obtusis
737 2450 1003 2492 inferioribus
1035 2451 1151 2503 apice
1179 2449 1342 2492 reflexis
1374 2451 1531 2492 intimis
1563 2451 1713 2492 erectis
1742 2450 1891 2492 subra-

321 2506 534 2548 diantibus
561 2508 618 2552 Ql.

380 2577 473 2612 Hab.
494 2578 530 2611 in
550 2577 675 2611 Persia
694 2576 774 2610 loco
795 2586 865 2610 non
885 2575 1060 2619 indicat03
1082 2585 1100 2610 e
1118 2574 1311 2610 seminibus
1331 2585 1352 2610 a
1371 2575 1414 2610 cl.
1435 2575 1579 2610 Pichier
1598 2575 1715 2610 missis
1733 2575 1839 2609 colui.

381 2641 511 2677 Caules
546 2640 828 2685 sesquipedales,
864 2640 952 2675 folia
986 2642 1090 2674 10-12
1122 2640 1236 2675 lineas
1266 2640 1374 2684 longa
1407 2642 1428 2674 2
1460 2640 1546 2675 lata.
1579 2639 1747 2684 Capitula
1774 2650 1889 2684 parva

332 2689 380 2723 H.
396 2689 581 2723 Buhseani
601 2688 657 2722 vel
681 2687 725 2722 H.
746 2688 1006 2722 artemisioidis
1022 2697 1043 2721 a
1063 2687 1191 2731 quibus
1209 2687 1331 2722 differt
1350 2687 1527 2722 involucri
1546 2686 1759 2731 oligophylli
1780 2693 1816 2722 et
1836 2688 1892 2721 sic

332 2736 524 2770 transitum
551 2735 596 2769 ad
620 2745 764 2779 gregem
791 2734 1056 2779 praecedentem
1085 2735 1337 2780 (Oliyophylli)
1363 2734 1559 2778 praebentis
1583 2734 1717 2779 phyllis
1737 2735 1888 2769 tenerri—

330 2784 397 2818 mis
415 2782 646 2817 inferioribus
666 2781 821 2817 reflexis.

340 2895 748 2946 Gymnarrhena
770 2895 1091 2943 micrantha‚
1113 2893 1222 2936 adde
1240 2907 1248 2936 :

330 2983 470 3068 Ἠξίιῖὶ).
491 2984 527 3018 in
547 2983 699 3018 collibus
727 2983 882 3027 petrosis
909 2982 1067 3017 Mariout
1089 2992 1204 3027 prope
1233 2982 1494 3018 Alexandriam
1521 2982 1672 3027 AEgypti
1699 2980 1891 3026 (Letourn.
