2115 3250
207 206 418 242 Artemisia.
948 213 1170 238 composwAE.
1817 197 1882 233 301

206 287 277 322 1³⁸8·
313 340 449 380 minus
477 338 628 391 pilosos
657 338 710 378 ad
732 338 980 378 varietatem
1002 339 1039 390 β.
1062 333 1346 387 dasysmtham
1367 333 1468 374 Kar.
1492 338 1534 373 et
1555 332 1644 373 Kir.
1665 330 1885 372 referenda

314 396 426 433 sunt.
447 392 540 433 Huc
560 403 723 443 quoque
743 393 908 442 spectat
930 389 984 429 A.
1008 387 1233 429 Falconerz'
1253 386 1392 427 Aitch.
1410 387 1449 426 in
1472 385 1619 426 Journ.
1642 384 1764 425 Linn.
1789 383 1883 425 Soc.

313 445 427 493 XIX,
447 457 488 495 p.
515 448 589 485 170
609 456 660 484 an
680 443 863 484 Clarke'?
884 441 1040 493 (Aitch.
1063 448 1106 481 n⁰
1134 443 1210 482 378
1229 452 1279 481 ex
1299 439 1472 491 rupibus
1501 437 1647 490 Sergal
1669 437 1886 478 districtus

312 497 471 539 Hariab
493 496 642 548 8000').

207 639 297 683 372,
330 637 390 675 A.
414 636 788 682 arborescens,
810 632 919 674 adde
942 646 950 674 :

369 706 462 740 Hab.
492 707 528 740 in
557 705 785 749 rupestribus
814 705 941 739 insulae
968 703 1178 747 Karpathos
1206 702 1379 746 (Pichl.!),
1410 701 1518 745 Cypri
1550 700 1596 735 ad
1629 701 1887 745 Chrysostomo

325 753 428 791 (Sint.
450 759 485 787 et
498 753 590 797 Rigo
608 754 722 795 668!).

207 887 298 931 373,
330 885 389 924 A.
424 884 663 932 Persica,
686 882 795 924 adde
819 895 827 923 :

369 954 463 989 Hab.
485 954 530 989 ad
551 954 679 998 Sergal
696 954 802 988 vallis
822 953 960 987 Kuram
982 952 1185 996 Affghaniae
1209 953 1393 986 10-11000’
1413 950 1592 994 (Aitch.!).

370 1019 474 1053 Hanc
493 1019 649 1062 speciem
669 1018 714 1052 ob
735 1017 1004 1061 receptaculum
1025 1016 1226 1061 pubescens
1247 1026 1313 1050 nec
1338 1020 1495 1049 setosum
1523 1014 1672 1048 sectioni
1698 1013 1888 1047 Abrocano

322 1067 443 1110 potius
464 1076 570 1110 quam
590 1065 787 1100 Absinthio
804 1065 1020 1099 adnumerat
1040 1064 1085 1098 cl.
1107 1064 1223 1098 Hook.
1244 1062 1268 1098 f.
1291 1063 1345 1097 Fl.
1366 1062 1457 1096 Brit.
1480 1061 1556 1095 Ind.
1578 1061 1642 1105 ΙΙΙ,
1660 1072 1694 1104 p.
1712 1062 1792 1094 328.

207 1199 295 1244 376,
328 1207 402 1248 pro
431 1197 490 1236 A.
517 1195 860 1236 Griffithiana
882 1206 990 1247 pone
1013 1207 1021 1234 :
1046 1195 1106 1234 A.
1127 1192 1545 1244 macrocephala
1573 1191 1792 1243 Jacquem.
1815 1203 1885 1231 Dc.

310 1248 436 1290 Prod.
463 1248 531 1297 VI,
558 1252 632 1290 125
653 1260 801 1289 nomen
823 1247 1051 1299 antiquius.

369 1320 437 1355 Ar.
459 1320 603 1363 Geogr.
625 1321 779 1365 Tibetia⁷
797 1320 886 1355 Asia
906 1319 1090 1354 centralis.

207 1457 296 1503 380,
328 1458 422 1506 post
448 1454 777 1494 Doronicum
798 1452 1236 1503 macrophyllum
1257 1451 1394 1491 insere
1416 1463 1424 1490 :

367 1543 426 1581 D.
448 1540 798 1581 Austriacum
820 1539 957 1591 (Jacq.
980 1539 1123 1579 Austr.
1146 1538 1201 1587 II,
1223 1550 1265 1590 p.
1298 1540 1359 1586 18,
1389 1536 1477 1577 tab.
1510 1535 1603 1587 130)
1636 1535 1884 1587 pubescens,

310 1594 539 1634 rhizomate
559 1604 785 1645 praemorso
801 1604 881 1633 non
896 1591 1152 1640 stoloniferO,
1171 1591 1289 1632 caule
1304 1590 1414 1631 elato
1428 1601 1609 1642 superne
1624 1588 1883 1641 corymboso,

311 1646 417 1688 foliis
438 1647 590 1688 infimis
611 1647 772 1687 caeteris
794 1645 1022 1686 minoribus
1037 1645 1160 1696 longe
1180 1643 1392 1696 petiolatis
1413 1643 1546 1683 ovatis
1562 1642 1745 1683 cordatis
1766 1641 1887 1681 obtu-

310 1701 379 1748 sis,
421 1699 704 1752 superioribus
744 1698 958 1740 sessilibus
996 1698 1186 1749 oblongis
1225 1697 1359 1738 acutis
1397 1696 1439 1736 in
1477 1695 1686 1736 auriculas
1724 1694 1886 1746 amplas

310 1753 559 1794 rotundatas
585 1752 907 1805 amplexicaules
936 1751 1163 1792 contractis
1184 1750 1376 1791 omnibus
1405 1748 1689 1796 denticulatis,
1712 1747 1886 1788 summis

308 1807 447 1858 parvis
467 1805 896 1854 lineari-lanceolatis,
918 1804 1119 1845 involucri
1139 1803 1239 1844 hirti
1289 1802 1411 1855 hyllis
1428 1801 1618 1853 oblongis
1636 1800 1886 1841 acuminatis

309 1859 447 1912 ligulis
469 1859 593 1911 triplo
609 1858 886 1906 brevioribus,
909 1857 1092 1899 acheniis
1112 1856 1219 1897 radii
1241 1816 1532 1908 glabriusculis
1559 1859 1618 1902 ΩΙ.

369 1930 462 1964 Hab.
480 1931 516 1964 in
537 1930 634 1964 silvis
654 1930 810 1964 acerosis
827 1929 958 1963 montis
975 1928 1050 1962 Idae
1070 1927 1222 1962 Troadis
1244 1927 1348 1971 (Sint.
1368 1927 1482 1971 414!).

370 1994 437 2028 Ar.
461 1994 603 2036 Geogr.
623 1995 799 2038 Hispania
820 1993 991 2037 borealis,
1013 1993 1134 2027 Gallia
1162 1992 1281 2026 media
1311 1997 1346 2026 et
1375 1991 1558 2034 australis,
1587 1990 1697 2025 Italia
1725 1990 1887 2024 borealis

323 2048 359 2077 et
376 2042 505 2086 media,
526 2042 720 2077 Germania
740 2041 911 2076 australis
930 2046 965 2076 et
979 2040 1180 2085 orientalis,
1201 2039 1362 2084 Oroatia,
1376 2039 1522 2082 Bosnia,
1538 2039 1637 2083 regio
1656 2037 1884 2073 Danubialis.

205 2176 295 2221 387,
326 2177 422 2225 post
445 2173 798 2213 Senecionem
819 2173 1045 2212 dubium
1063 2172 1200 2213 insere
1223 2184 1231 2212 :

363 2259 414 2299 S.
446 2258 845 2309 pedunculatus
877 2257 1068 2310 (Edgew.
1091 2257 1131 2298 in
1162 2256 1312 2297 Trans.
1335 2255 1458 2296 Linn.
1492 2255 1583 2296 Soc.
1613 2254 1727 2303 XXI,
1750 2267 1792 2307 p.
1815 2255 1885 2305 74)

310 2311 616 2363 glabriusculus
650 2311 801 2363 saepius
840 2311 1036 2362 pumilus,
1077 2310 1195 2351 caule
1233 2313 1373 2351 erecto
1411 2309 1557 2361 gracili
1595 2308 1805 2349 laxissime
1844 2311 1887 2348 et

309 2364 552 2417 corymbose
573 2376 750 2412 ramoso,
769 2363 876 2404 foliis
896 2363 1162 2405 inferioribus
1177 2363 1388 2416 petiolatis
1405 2361 1594 2413 oblongis
1608 2362 1677 2413 pin
1685 2360 1884 2409 natifidis,

309 2417 472 2458 caeteris
510 2418 550 2458 in
598 2417 769 2457 lacinias
809 2417 1060 2457 divaricatas
1099 2416 1276 2457 lineares
1315 2427 1425 2467 saepe
1464 2414 1661 2455 dentatas
1698 2414 1883 2466 partitis,

309 2470 554 2521 pedunculis
570 2469 795 2522 gracilibus
811 2470 1031 2521 elongatis,
1054 2469 1249 2522 capitulis
1269 2469 1407 2520 parvis
1429 2466 1887 2520 obconico-cylindricis

310 2523 395 2563 fere
431 2523 714 2574 ecalyculatis,
750 2523 950 2563 involucri
983 2522 1118 2574 glabri
1149 2521 1301 2574 phyllis
1331 2520 1558 2562 linearibus
1591 2520 1725 2560 acutis
1758 2531 1886 2560 nervo

309 2575 446 2616 medio
484 2576 645 2616 elevato
682 2576 905 2627 percursis,
942 2575 1081 2627 ligulis
1118 2575 1389 2623 brevissimis,
1432 2573 1615 2614 aclieniis
1653 2573 1730 2613 sub
1771 2572 1886 2613 lente

308 2628 505 2680 adpressc
524 2628 645 2669 hirtis
667 2631 731 2677 Θ.

322 2746 333 2789 (
368 2698 460 2779 Ηαὶὶι).
482 2699 516 2732 in
538 2699 650 2733 alveis
671 2698 894 2733 subhumidis
916 2698 1017 2732 distr.
1044 2698 1183 2732 Kuram
1205 2702 1241 2732 et
1265 2696 1402 2732 Hariab
1431 2696 1636 2741 Affghaniae
1670 2696 1884 2730 6500-9500'

336 2747 419 2780 Aitc
451 2773 456 2779 .
478 2747 590 2785 3921).

370 2808 572 2852 Specimina
594 2808 874 2852 3-4-p011icaria‚
894 2808 1098 2842 Himalaica
1119 2813 1238 2842 autem
1260 2807 1413 2850 majora.
1434 2806 1552 2841 Valde
1573 2805 1693 2840 affinis
1719 2805 1756 2840 S.
1776 2806 1884 2840 dubio

326 2855 422 2890 foliis
460 2855 876 2899 semiamplexicaulibus
904 2856 1020 2889 minus
1053 2855 1186 2899 divisis,
1218 2854 1388 2898 capitulis
1419 2853 1495 2888 fere
1524 2853 1636 2897 duplo
1671 2852 1884 2896 majoribus,

323 2903 482 2937 acheniis
503 2902 612 2937 dense
632 2903 776 2937 sericeis
797 2902 950 2937 diverso.

370 2965 436 2999 Ar.
458 2964 600 3008 Geogr.
620 2966 733 3009 Regio
753 2966 878 3009 alpina
896 2966 1098 3010 Himalayae
1120 2971 1154 3000 et
1175 2964 1326 2999 Tibetiae
1348 2964 1460 2999 occid.
