2115 3250
221 239 372 276 Gallum.
955 252 1156 277 aunisimau.
1820 242 1886 277 283

218 304 288 338 Pag.

248 359 312 405 68,
347 359 400 398 G.
423 369 731 406 recurvum,
755 358 862 398 adde
884 371 891 398 :

385 446 474 479 Hab.
496 446 530 479 in
552 451 671 480 monte
700 445 862 479 Troodos
886 445 993 489 Cypri
1022 445 1124 487 (Sint.
1154 451 1189 479 et
1210 446 1300 488 Rigo
1327 447 1437 487 90611,
1467 447 1501 479 in
1528 446 1633 479 fossis
1665 457 1766 480 secus
1792 447 1883 480 viam

337 503 449 535 prope
472 493 629 526 Mariout
649 493 800 536 Hssgypss
826 493 1005 526 inferioris
1027 493 1200 531 (Letourn
1235 495 1294 526 191
1324 493 1388 526 sub
1413 493 1730 537 G.vert17c2‘clatos).
1758 494 1885 527 Variat

337 539 456 573 fructu
478 540 556 573 laevi
579 552 585 572 :
609 542 746 583 Cyprus
768 540 802 572 in
823 545 943 573 monte
964 539 1126 573 Troodos
1149 540 1250 579 (Sint.
1273 545 1307 573 et
1327 540 1419 583 Rigo
1441 540 1579 582 906b1).

245 676 309 720 70,
341 673 395 712 G.
420 672 794 719 Monacchinii,
817 671 925 712 adde
946 684 954 712 ε

382 758 473 792 Hab.
494 760 528 792 in
549 758 713 792 faucibus
734 759 910 792 umbrosis
931 759 1060 792 montis
1076 759 1206 793 Lastos
1228 759 1354 792 insulae
1369 759 1579 802 Karpathos
1596 759 1754 801 (Pichler
1774 761 1886 796 3222).

243 893 307 938 73,
342 891 396 930 G,
418 890 815 938 tenuissimum,
839 890 973 930 adde:

377 976 470 1010 Hah.
491 977 526 1009 in
547 981 668 1010 monte
689 976 848 1020 Adelphi
869 977 976 1020 Cypri
998 976 1099 1019 (Sint.
1121 981 1157 1010 et
1173 976 1312 1020 Rigon.

242 1105 305 1150 79,
341 1104 394 1142 G.
421 1103 687 1151 cruciata,
711 1103 843 1144 adde:

379 1189 470 1223 Hah.
489 1190 524 1223 in
544 1196 664 1224 monte
682 1190 817 1233 Delphi
837 1190 986 1224 Euboeae
1008 1189 1193 1233 (1Heldr.!).

240 1317 303 1362 81,
340 1316 393 1354 G.
417 1315 678 1365 apricum,
702 1314 810 1355 adde
832 1327 841 1354 ε

378 1403 471 1437 Hab.
493 1404 528 1436 in
548 1409 669 1437 monte
689 1403 823 1446 Delphi
844 1403 994 1436 Euboeae
1013 1402 1174 1446 (Heldr.!
1194 1403 1383 1443 Pichlern.

241 1538 306 1581 81,
337 1546 414 1586 pro
438 1536 490 1574 G.
517 1535 810 1574 Columella
838 1545 945 1585 pone
969 1535 1021 1573 G.
1044 1534 1287 1573 lanatum
1310 1533 1402 1573 Del.
1426 1533 1488 1573 Fl.
1512 1533 1685 1585 AEgypt.
1709 1534 1798 1574 tab.
1822 1538 1886 1582 64,

320 1588 390 1639 fig.
417 1590 478 1635 16,
506 1587 582 1627 sub
617 1586 865 1627 Vaillantict.
899 1585 1065 1637 Species
1092 1598 1188 1626 rara
1214 1586 1255 1626 in
1283 1585 1456 1626 collibus
1484 1587 1682 1626 calcareis
1713 1586 1888 1638 AEgypti

318 1639 524 1680 inferioris
541 1639 594 1679 ad
610 1639 794 1680 Mai-iout
810 1651 938 1690 prope
953 1638 1247 1679 Alexandriam
1265 1651 1289 1678 a
1305 1638 1355 1678 cl.
1374 1638 1639 1679 Letourneux
1656 1646 1759 1690 (exs.
1780 1639 1885 1687 190!)

318 1705 461 1733 rursus
496 1693 618 1733 lecta.
654 1692 770 1732 Inter
806 1691 934 1732 Galia
968 1691 1168 1733 Cruciatct
1204 1696 1246 1732 et
1284 1691 1559 1731 Vnimanum
1590 1692 1884 1733 intermedium

318 1746 455 1797 potius
476 1746 603 1797 priori
624 1745 674 1786 ob
695 1744 944 1797 pedicellum
965 1756 1046 1784 non
1067 1744 1308 1784 induratum
1331 1744 1707 1784 adnumerandum.

564 1973 771 2013 ORDO
817 1974 971 2013 le.
1024 1973 1533 2013 VALERIANEAE

238 2153 303 2199 85,
335 2150 624 2190 Valeriana
646 2151 818 2191 dioica
843 2163 852 2190 :

376 2237 578 2280 Specimina
606 2247 624 2271 e
644 2237 740 2271 valle
767 2237 903 2270 Kuram
926 2236 1130 2280 Affghaniae
1159 2238 1194 2271 in
1221 2242 1344 2271 monte
1366 2237 1557 2281 Seratigah
1581 2239 1705 2271 13000‘
1726 2237 1772 2272 ad
1791 2237 1885 2272 hanc

328 2284 482 2326 speciem
504 2285 539 2317 in
560 2285 681 2318 Aitch.
700 2285 789 2326 Cat.,
810 2296 844 2328 p.
867 2286 922 2327 66,
944 2285 1055 2317 citata
1076 2285 1146 2318 huc
1167 2285 1364 2318 certissime
1385 2295 1456 2318 non
1477 2290 1656 2328 spectant,
1671 2284 1792 2319 obstat
1812 2285 1883 2318 col-

331 2330 402 2363 lum
423 2331 552 2364 tunicis
572 2331 854 2365 membranaceis
875 2331 984 2365 fuscis
999 2332 1167 2365 vestitum
1183 2342 1247 2365 nec
1266 2331 1411 2374 nudum,
1426 2332 1587 2366 rhizoma
1608 2342 1678 2365 non
1698 2332 1883 2366 stolonife-

330 2388 406 2410 rum
428 2377 581 2421 videtur,
603 2377 691 2412 folia
716 2379 830 2412 multo
855 2379 994 2411 minora
1015 2385 1107 2422 sunt,
1130 2378 1253 2412 caules
1278 2377 1427 2412 floriferi
1450 2379 1532 2412 nani
1552 2379 1757 2422 poHicares,
1777 2378 1884 2413 flores

331 2424 480 2466 capitati
501 2435 566 2458 nec
593 2425 804 2469 corymbosi.
833 2425 1037 2468 Specimina
1063 2431 1232 2459 caeterum
1262 2435 1379 2468 pauca
1405 2431 1440 2459 et
1468 2426 1572 2460 nimis
1598 2427 1818 2469 incompleta
1843 2432 1884 2460 ut

330 2481 458 2504 novam
477 2472 630 2514 speciem
652 2483 854 2515 proponere
873 2472 1038 2506 audeam.

238 2604 304 2650 88,
335 2606 429 2654 post
448 2604 508 2642 V.
532 2603 999 2654 sisymbriifoliam
1019 2603 1157 2644 insere
1180 2616 1188 2643 :

369 2689 429 2727 V.
451 2690 730 2729 Wallichii
752 2690 838 2740 (nc.
862 2690 989 2730 Meni.
1013 2689 1107 2730 Val.
1135 2693 1197 2738 15,
1217 2690 1307 2731 tab.
1328 2690 1370 2740 4)
1390 2690 1637 2743 pubescens,
1657 2689 1888 2730 rhizomate

315 2753 540 2792 praemorso
555 2742 720 2794 obliquo
735 2741 862 2783 fibras
877 2743 1041 2789 edente,
1060 2743 1178 2783 caule
1192 2743 1475 2783 adscendente
1492 2743 1763 2795 subsimplici,
1781 2742 1887 2783 foliis

318 2793 571 2835 radicalibus
601 2795 723 2846 longe
755 2795 966 2846 petiolatis
998 2795 1131 2835 ovatis
1167 2796 1436 2836 acutiusculis
1468 2794 1673 2847 profunde
1704 2794 1886 2835 cordatis

317 2846 528 2886 interdum
560 2846 759 2895 dentatis,
791 2848 964 2888 caulinis
996 2848 1138 2899 paucis
1172 2849 1343 2888 minutis
1378 2848 1670 2889 subsessilibus
1701 2847 1886 2888 indivisis

318 2898 382 2939 vel
420 2899 698 2950 pinnatifidis‚
740 2900 935 2952 corymbo
973 2899 1181 2948 conferto,
1222 2900 1404 2941 bracteis
1449 2900 1886 2951 oblongo-linearibus

319 2950 472 2991 fructui
501 2952 650 3003 saepius
676 2952 806 3003 piloso
832 2952 1075 3004 aequilongis
1100 2956 1158 3000 91.
1189 2953 1234 2993 V.
1257 2953 1503 2994 Jatamanst
1529 2952 1654 2993 Jones
1681 2954 1723 2993 in
1750 2952 1883 2993 Asiat.

318 3003 415 3044 Res.
438 3007 480 3044 et
501 3004 633 3044 Roxb.
657 3016 737 3044 non
758 3004 950 3045 Wallich.
