2115 3250
180 213 446 248 Acantholz'mon
456 243 463 250 .
886 227 1162 252 PLUMBAGINEE.
1782 222 1850 257 3155

177 293 247 327 Pag.

282 349 472 400 margine
507 350 665 389 minute
699 350 940 398 scaberulis,
972 352 1106 403 scapis
1140 353 1446 405 monostacbyis
1476 354 1571 394 folia
1602 357 1848 408 submquan-

284 401 394 441 tibus
433 402 495 442 vel
534 401 893 450 subbrevioribus,
933 404 1048 454 spica
1083 404 1197 444 brevi
1238 407 1465 454 congestim
1506 410 1847 460 2-6-s1›iculata,

281 454 448 504 spiculis
474 454 673 502 unifloris,
696 455 877 495 bracteis
907 456 1062 503 glabris
1092 458 1320 508 cuspidatis
1353 460 1556 500 exteriore
1589 464 1713 501 ovata
1741 475 1849 502 mar-

281 507 377 556 gine
424 507 642 547 latiuscule
682 508 862 548 scarioso
878 531 894 536 -
910 508 1077 560 hyalina
1120 510 1386 551 interioribus
1432 512 1847 565 oblongo-ellipticis

280 559 397 599 costa
416 560 589 610 excepta
608 559 786 611 hyalinis
807 561 946 612 calyce
967 562 1093 601 tertia
1119 568 1239 613 parte
1269 563 1542 612 brevioribus,
1566 566 1717 617 calycis
1746 567 1848 607 tubo

277 614 397 651 extus
418 611 593 659 hirsuto,
618 611 743 652 limbo
764 613 858 653 albo
879 617 1153 654 atro-costato
1174 616 1309 656 nervis
1337 628 1416 657 non
1445 619 1763 659 excurrentibus
1792 621 1817 670 sst,
1837 653 1845 659 .

338 683 429 716 Hah.
451 683 496 717 ad
517 684 707 727 Seratigah
728 684 932 727 Affghaniae
957 688 1142 719 10-13000'
1164 688 1298 729 (Aitch.
1320 690 1430 731 alm).

337 748 472 782 Dumos
500 748 595 782 latos
622 749 751 783 densos
780 749 826 782 ad
854 750 979 792 pedem
1003 750 1078 784 fere
1100 762 1212 795 usque
1242 752 1357 787 elatos
1379 754 1522 796 format,
1544 754 1632 788 folia
1653 757 1712 787 6-9
1734 755 1847 789 lineas

291 795 409 838 longa.
430 794 549 829 Affine
570 797 614 829 A.
637 796 777 830 Echino
798 803 832 830 et
853 798 898 830 A.
920 797 1145 832 Lz'banotico.

171 926 261 972 849,
294 929 392 964 ante
412 926 470 964 A.
493 925 846 965 aristulatum
867 927 1003 966 insere
1027 939 1034 966 :

327 1012 385 1050 A.
404 1012 842 1062 leptostachyum
857 1012 1013 1063 (Aitcli.
1033 1018 1075 1053 et
1091 1013 1250 1054 Hemsl.
1268 1014 1414 1055 Journ.
1432 1015 1554 1056 Linn.
1578 1016 1670 1057 Soc.
1688 1017 1842 1065 XVIII,

273 1076 313 1115 p.
350 1067 415 1107 76)
449 1063 694 1104 fruticosum
731 1064 857 1105 dense
897 1067 1223 1107 ramosissimum
1258 1068 1429 1113 elatum,
1466 1070 1591 1110 ramis
1621 1070 1845 1121 gracilibus

272 1116 477 1168 elongatis
499 1117 643 1157 crebre
664 1117 831 1165 foliaffls,
856 1118 962 1159 foliis
984 1120 1222 1160 vernalibus
1244 1122 1472 1161 carnosulis
1502 1122 1698 1163 brevibus
1727 1123 1844 1163 latio-

272 1169 386 1209 ribus
408 1171 604 1217 recurvis,
628 1171 882 1210 {estivalibus
900 1171 1166 1221 longiusculis
1184 1174 1497 1225 erecto-patulis
1514 1176 1709 1216 tenuibus
1725 1178 1844 1216 semi-

274 1222 476 1262 teretibus
497 1223 676 1263 acerosis
691 1224 880 1275 margine
901 1224 1070 1265 laevibns
1086 1225 1162 1265 sub
1179 1226 1290 1266 lente
1306 1227 1489 1267 tenuiter
1503 1228 1841 1279 pallescentibus,

271 1286 395 1327 scapo
419 1276 563 1323 gracili
592 1275 697 1316 foliis
719 1277 873 1328 2-3-plo
907 1278 1090 1329 longiore
1115 1278 1412 1331 pleiostachyo,
1437 1281 1560 1331 spicis
1588 1281 1840 1329 laxiusculis,

271 1328 438 1379 spiculis
468 1331 532 1369 1-6
554 1329 657 1369 laxis
684 1329 885 1377 unifloris,
909 1330 1091 1371 bracteis
1113 1335 1155 1371 et
1180 1331 1403 1372 bracteolis
1424 1333 1627 1374 similibus
1648 1334 1844 1386 oblongo—

270 1381 461 1432 ellipticis
482 1382 738 1422 muci-onatis
759 1386 914 1433 praeter
935 1389 1093 1424 costam
1123 1384 1502 1436 scarioso-hyalinis
1536 1387 1677 1438 calyce
1706 1386 1841 1427 infun-

269 1433 522 1474 dibuliformi
542 1434 895 1483 subbrevioribus,
920 1436 1070 1487 calycis
1091 1437 1192 1477 tubo
1214 1442 1394 1489 angusto
1416 1438 1576 1488 glabro,
1602 1440 1727 1480 limbo
1749 1441 1843 1480 albo

270 1487 409 1538 calyce
430 1487 598 1528 dimidio
617 1487 809 1528 breviore
828 1489 965 1529 nervis
986 1490 1205 1541 purpureis
1228 1502 1309 1530 non
1331 1492 1648 1533 excurrentibus
1681 1494 1708 1544 Β
1726 1525 1733 1533 .

327 1557 418 1591 Hab.
437 1557 483 1591 ad
505 1558 683 1592 Drekalla
705 1558 849 1592 (litionis
871 1559 1005 1593 Kuram
1028 1560 1233 1603 Affghaniae
1254 1561 1434 1604 (Aitch.!).

327 1622 510 1656 Interdum
533 1622 724 1665 tripedale,
746 1623 834 1657 folia
855 1625 1063 1658 tenuissima
1098 1628 1152 1658 1-1
1172 1626 1432 1669 'jz-pollicaria,
1461 1627 1565 1671 calyx
1587 1630 1608 1661 4
1630 1627 1744 1662 lineas
1765 1628 1839 1661 lon-

280 1680 355 1712 gus.
377 1670 475 1703 Inter
495 1669 621 1704 affinia
644 1670 740 1704 foliis
761 1671 978 1705 tenuissimis
999 1671 1171 1706 notabile.

162 1805 252 1847 868,
289 1803 493 1843 Statice
515 1804 777 1852 axillaris,
801 1804 909 1845 adde
932 1817 940 1845 :

324 1891 417 1925 Hab.
439 1892 474 1925 in
497 1892 706 1926 Belutschia
727 1892 880 1926 littorali
903 1893 1085 1936 (Piercel).

160 2025 251 2072 871,
283 2027 378 2074 post
404 2024 456 2062 S.
482 2024 797 2063 Cabulicam
817 2025 953 2065 insere
976 2038 984 2065 :

322 2110 374 2150 S.
401 2111 656 2150 Griffithii
678 2110 833 2161 (Aitch.
859 2115 901 2151 et
922 2111 1081 2152 Hemsl.
1105 2112 1252 2153 Journ.
1278 2112 1398 2152 Linn.
1423 2112 1516 2153 Soc.
1541 2113 1655 2162 XIX,
1678 2126 1718 2165 p.
1747 2117 1834 2163 175,

265 2162 351 2203 tab.
391 2162 458 2209 23)
492 2164 782 2215 monocarpica
815 2164 965 2214 glauca
993 2165 1506 2217 calcareo-pulverulenta,
1543 2165 1650 2207 foliis
1680 2167 1837 2207 crebris

262 2216 459 2256 rosulatis
506 2216 1038 2266 obovato-linguiformibus
1077 2219 1118 2258 in
1156 2219 1354 2270 petiolum
1395 2220 1626 2259 attenuatis
1659 2219 1839 2271 abrupte

264 2269 536 2316 mucronatis,
571 2270 707 2320 scapis
742 2270 915 2321 virgatis
955 2271 1159 2311 teretibus
1193 2272 1313 2312 elatis
1348 2271 1583 2312 dichotome
1618 2277 1660 2313 et
1692 2274 1838 2313 stricte

260 2322 449 2369 ramosis,
472 2322 640 2373 spiculis
670 2322 866 2363 1-2-floris
897 2323 988 2364 laxe
1008 2325 1193 2374 spicatis,
1228 2324 1411 2364 bracteis
1443 2326 1576 2365 ovatis
1607 2325 1835 2377 cuspidatis

262 2375 400 2426 parvis
415 2375 621 2414 exteriore
637 2380 815 2426 anguste
832 2376 1100 2417 interioribus
1115 2381 1269 2428 praeter
1284 2389 1454 2417 nervum
1472 2378 1678 2426 scariosis‚
1697 2379 1837 2430 calyce

261 2427 460 2478 adpresse
479 2427 639 2467 hirsuto
657 2440 735 2468 non
757 2428 852 2468 fisso
874 2430 914 2468 in
937 2429 1108 2469 limbum
1127 2430 1333 2470 lO-lobum
1350 2431 1501 2470 sensim
1521 2430 1712 2479 dilatato,
1731 2431 1835 2471 lobis

263 2480 421 2520 obtusis
436 2480 630 2520 brevibus
646 2481 888 2522 alternatim
906 2483 1149 2531 minoribus,
1163 2483 1313 2534 petalis
1329 2484 1457 2523 roseis
1476 2483 1650 2535 integris
1669 2485 1834 2527 retusis,

266 2548 281 2570 α
306 2533 575 2584 stigmatibus
597 2534 792 2584 capitatis
818 2549 833 2570 »
858 2538 915 2581 ⁸21.

320 2604 411 2638 Hab.
433 2605 467 2638 in
493 2604 645 2639 collibus
666 2616 780 2648 prope
803 2606 949 2649 Kuram,
971 2606 1216 2641 Badischkhel
1239 2613 1273 2641 et
1294 2608 1430 2642 Shinak
1455 2607 1661 2651 Affghaniae
1689 2610 1831 2642 3-5000'

276 2652 412 2694 (Aitch.
432 2653 512 2693 439)
535 2652 629 2691 (Non
651 2652 749 2693 vidi).

319 2716 427 2750 Facie
445 2716 481 2750 S.
503 2717 781 2751 maerorrlzabdo
801 2723 836 2751 et
857 2717 892 2751 S.
919 2717 1096 2752 Cabulicce
1116 2717 1234 2753 affinis
1256 2730 1277 2753 a
1297 2720 1418 2763 priore
1439 2719 1571 2762 petalis
1592 2730 1662 2753 non
1684 2719 1834 2763 biparti-

273 2763 330 2805 tis,
346 2773 367 2796 a
382 2764 582 2806 posteriore
598 2764 706 2797 limbo
728 2765 860 2808 calycis
879 2775 950 2798 non
971 2766 1108 2808 partito
1127 2766 1258 2800 aliena.
1274 2767 1453 2810 Stigmata
1474 2768 1636 2809 capitata
1652 2767 1835 2809 descripta

273 2815 309 2844 et
329 2810 512 2844 delineata
534 2817 571 2843 ut
590 2811 624 2844 in
645 2821 776 2854 genere
791 2813 1081 2847 Acantholimon.
1096 2815 1151 2846 An
1169 2813 1327 2857 analysis
1343 2824 1385 2847 ex
1401 2812 1489 2847 flore
1505 2815 1698 2848 commixto
1714 2815 1831 2848 Acan-

274 2857 480 2891 tholimonis
499 2857 686 2900 cujusdam
705 2859 858 2893 oriunda
876 2859 997 2893 foret‘?

155 2990 245 3035 873,
277 2987 525 3026 Armeria
548 2988 879 3038 Maiellensis
899 2992 935 3042 β.
960 2989 1281 3042 braclaeyphylla,
1299 2990 1391 3031 dele
1410 2991 1634 3031 stationem
1652 2990 1832 3030 Athoam

259 3039 313 3080 ad
332 3040 510 3091 speciem
534 3052 681 3080 novam
702 3046 961 3093 sequentem,
985 3043 1037 3083 A.
1063 3042 1272 3084 &assonet
1292 3043 1467 3083 similem
1488 3044 1768 3095 pertinentem
1793 3056 1800 3082 :
