2094 3351
203 211 272 247 298
931 223 1153 248 comosum.
1671 214 1870 252 Anthemis.

203 293 274 327 Pag.

318 348 429 391 folioe,
450 347 512 382 sed
527 349 689 392 capitula
703 358 834 393 magna
847 349 893 383 A.
913 348 1139 393 Carpathicae
1159 358 1180 383 a
1201 351 1272 392 qua
1288 348 1496 383 indumento
1519 355 1554 384 et
1573 349 1732 385 acheniis
1749 350 1875 394 paullo

322 395 525 430 distinctius
548 396 728 440 rugulosis
753 401 894 430 tantum
922 395 1054 430 differt.
1087 396 1231 439 Species
1251 396 1286 429 in
1307 397 1506 439 specierum
1536 398 1746 440 perennium
1765 407 1876 441 grege

320 441 443 476 forsan
465 443 568 477 nimis
588 442 840 486 multiplicatae
862 449 897 477 et
918 453 1040 478 earum
1062 443 1193 478 limites
1210 443 1363 478 ulterius
1384 443 1636 487 investigandi.

202 577 293 622 297,
326 575 384 614 A.
413 575 713 626 Smyrnaea,
737 575 845 616 adde
867 588 875 616 :

365 661 457 696 Hab.
484 662 519 696 in
544 661 656 696 alveis
684 662 786 696 siccis
812 672 926 706 prope
952 662 1122 696 Brussam
1153 662 1332 707 Bithyniae
1353 673 1477 697 versus
1503 663 1733 706 Apolloniam
1759 662 1877 698 eundo

318 709 444 751 (Pichl.
463 719 536 743 exs.
558 710 619 743 96!
640 708 706 744 sub
726 710 773 744 A.
787 709 1003 753 pectinant).

200 843 289 888 303,
322 845 416 892 post
436 841 493 880 A.
516 840 1072 881 leucanthemifoliam
1092 840 1229 881 insere
1251 852 1259 880 :

355 928 413 967 A.
439 927 817 968 Muenteriana
839 927 1006 979 (Heldr.
1029 928 1070 968 in
1099 926 1271 978 Sched.)
1299 939 1439 969 annua
1499 926 1562 968 ilis
1596 925 1789 968 flexuosis
1821 926 1875 968 ad

303 992 441 1021 ramos
461 980 617 1032 patulis
647 980 701 1021 ad
731 979 830 1021 folia
856 980 1187 1032 adpressioribus
1208 980 1360 1032 grisea,
1384 991 1461 1021 cau
1480 979 1572 1020 ibus
1592 991 1642 1021 ex
1661 979 1765 1020 eollo
1783 979 1875 1031 plu—

302 1033 416 1073 ribus
437 1033 605 1085 pumilis
625 1033 910 1074 crassiusculis
925 1032 1277 1074 adscendentibus
1292 1031 1447 1073 foliosis
1467 1032 1776 1084 monocephalis
1796 1032 1873 1074 sub

303 1086 484 1138 capitulo
500 1086 757 1134 incrassatis,
781 1084 888 1127 foliis
908 1086 1047 1138 parvis
1073 1085 1526 1138 oblongo-spathulatis
1545 1085 1587 1126 in
1608 1085 1722 1126 lobos
1741 1085 1876 1126 utrin-

302 1150 381 1190 que
403 1142 470 1179 2-4
489 1139 638 1180 breves
664 1143 808 1179 ovatos
838 1138 1009 1180 obtusos
1029 1139 1334 1191 pinnatisectis,
1358 1138 1551 1190 capitulis
1577 1137 1871 1187 mediocribus,

302 1192 502 1233 involucri
518 1191 651 1233 villosi
670 1191 822 1244 phyllis
842 1192 1024 1233 externis
1052 1191 1381 1243 triangularibus
1402 1191 1536 1232 acutis
1560 1191 1735 1231 internis
1756 1203 1780 1231 a
1812 1191 1875 1231 ice

301 1244 632 1286 membranaceis
670 1244 845 1292 obtusis,
886 1244 1024 1296 ligulis
1058 1244 1164 1285 albis
1199 1243 1407 1285 fertilibus
1444 1243 1562 1284 radio
1596 1243 1776 1284 breviori
1807 1254 1870 1292 us,

302 1297 483 1338 acheniis
513 1298 686 1338 minutis
712 1297 1096 1349 subquadrangulis
1128 1296 1483 1338 sulcato-costatis
1516 1296 1633 1348 apice
1667 1296 1874 1337 truncatis

303 1351 493 1402 margine
516 1355 639 1391 acuto
659 1349 904 1391 brevissimo
926 1352 990 1399 Θ.

360 1422 452 1492 Hali.
473 1422 508 1456 in
537 1422 726 1456 maritimis
746 1421 947 1456 insularum
976 1420 1156 1456 Petalium
1181 1420 1228 1456 ad
1256 1420 1434 1455 Euboeam
1459 1420 1732 1456 meridionalem
1750 1420 1872 1465 (Holz-

314 1477 467 1508 mann.).

362 1531 492 1566 Caules
512 1532 796 1575 3-4-pollicares,
815 1531 904 1566 folia
924 1533 984 1566 4-ss
1004 1531 1120 1566 lineas
1137 1530 1257 1575 longa,
1277 1530 1440 1574 capitula
1466 1531 1516 1566 eis
1540 1531 1587 1565 A.
1607 1530 1769 1565 arvensis
1791 1529 1872 1564 sub-

314 1580 464 1613 minora.
487 1579 614 1613 Facies
629 1581 675 1613 A.
697 1579 1033 1622 leucanthemifoliae
1047 1589 1068 1613 a
1083 1580 1154 1622 qua
1175 1577 1296 1612 differt
1313 1577 1478 1622 hirsutie,
1498 1578 1620 1622 ligulis
1639 1577 1874 1622 abbreviatis,

313 1626 546 1661 acheniorum
568 1628 702 1660 corona
728 1637 799 1660 non
818 1626 946 1661 lobata
967 1632 1002 1661 et
1024 1627 1070 1660 A.
1098 1625 1324 1670 ammophilae
1347 1625 1483 1670 phyllis
1509 1625 1673 1660 omnibus
1692 1624 1767 1659 late
1795 1634 1871 1659 sca-

314 1674 418 1708 riosis
437 1680 472 1708 et
491 1673 630 1708 obtusis
651 1673 815 1708 diversae.

193 1820 283 1862 309.
314 1818 372 1857 A.
395 1817 742 1870 peregrinam.
765 1815 1072 1865 Heracleotica,
1095 1815 1204 1857 adde
1226 1828 1235 1856 :

356 1904 449 1938 Hah.
477 1905 512 1938 in
537 1904 658 1938 insula
683 1903 896 1947 Karpathos
925 1913 1041 1948 prope
1073 1902 1223 1947 Pigadio
1253 1902 1383 1947 (Pichl.
1417 1912 1491 1938 exs.
1524 1903 1637 1945 3721).
1669 1901 1872 1946 specimina

309 1951 480 1995 capitulis
501 1952 552 1986 eis
573 1961 617 1986 ex
637 1951 763 1985 Attica
782 1950 992 1985 minoribus.

193 2099 284 2144 309,
315 2097 373 2136 A.
405 2095 823 2146 melampodina,
847 2094 986 2136 adde:

354 2185 448 2220 Hab.
469 2185 506 2219 in
524 2184 668 2219 deserto
686 2183 1063 2229 AEgyptiaco-Libyco
1084 2193 1200 2228 prope
1217 2183 1311 2218 Rubi
1331 2183 1514 2227 (Aschers.
1533 2182 1645 2225 253!).

191 2331 282 2376 314,
314 2329 374 2368 A.
396 2327 716 2375 Hebronica,
740 2325 849 2367 adde
871 2338 879 2367 :

308 2464 346 2498 NI
354 2416 454 2498 Hal}3
467 2415 584 2507 forfn'a
605 2415 789 2451 discoidea
807 2416 904 2450 inter
923 2414 946 2450 J
949 2414 1071 2450 ericho
1092 2420 1128 2450 et
1147 2414 1229 2449 Mar
1249 2414 1346 2449 Saba
1363 2413 1501 2449 Judaeae
1522 2413 1694 2454 (Kersten
1712 2413 1749 2448 in
1767 2411 1870 2447 herb.

308 2475 331 2498 μ
348 2475 404 2499 us.
459 2474 519 2499 ero
539 2490 563 2497 ..
586 2491 592 2497 .

193 2611 283 2657 327,
318 2609 745 2650 Chamaemelum
766 2608 1095 2658 disciforme,
1118 2607 1227 2650 adde
1250 2620 1263 2648 ·.

354 2697 447 2731 Hab.
468 2697 504 2731 in
523 2697 621 2732 valle
642 2696 780 2731 Kuram
803 2696 1010 2741 Affghaniae
1030 2696 1166 2740 (Aitch.
1189 2696 1306 2740 4791).

189 2847 280 2892 331,
315 2845 406 2885 ch.
430 2843 801 2891 Caucasicum,
822 2842 931 2884 adde
953 2855 961 2884 :

353 2932 447 2967 Hab.
480 2933 516 2966 in
550 2931 707 2967 dumosis
741 2931 954 2967 elatioribus
985 2931 1116 2966 montis
1147 2930 1229 2966 Rilo
1255 2929 1423 2965 Thraciae
1462 2929 1520 2973 (cl.
1554 2929 1680 2964 Panna
1709 2927 1774 2964 sub
1807 2926 1869 2964 σὴ.

306 2979 521 3022 Pichleril).
541 2979 663 3014 Simile
687 2979 747 3015 Ch.
767 2979 935 3023 Pichleri‚
955 2978 1019 3014 sed
1039 2978 1193 3013 aehenia
1213 2982 1398 3012 coronata.
