2094 3351
218 243 286 279 108
961 252 1133 276 sut-:isne
1767 240 1891 275 Silene.

322 386 518 428 dentibus
556 387 689 427 ovatis
727 386 887 427 obtusis
922 385 1007 426 late
1038 385 1382 434 membranaceis,
1418 385 1652 437 petalorum
1682 385 1892 436 unguibus

323 439 494 491 glabris,
530 439 685 479 lamina
717 441 836 479 rosea
868 437 1097 479 obcordata
1129 438 1257 490 calyci
1290 438 1619 490 subaequilonga,
1656 437 1891 489 appendici-

323 492 540 585 blffiugiiuis
562 492 720 590 {vatia
756 491 926 543 capsula
959 490 1153 542 oblonga,
1189 490 1446 542 carpophoro
1478 490 1737 538 brevissimo,
1771 491 1893 531 semi-

381 613 473 648 Hab.
496 614 542 648 ad
563 625 672 658 rupes
692 614 819 648 summi
843 614 973 648 montis
995 613 1119 647 Korax
1141 613 1290 647 AEtoliae
1308 612 1647 656 6-7700‘(He1dr.!).

381 679 486 712 Folia
510 679 667 722 caespitis
690 684 828 721 tenera,
855 678 918 713 sed
948 683 1071 712 erecta
1100 680 1184 712 6-10
1213 678 1327 712 lineas
1360 678 1468 721 longa
1501 678 1631 712 lineam
1657 678 1744 722 lata,
1772 677 1893 712 caules

336 725 621 768 2-3-pollicares,
651 725 755 769 calyx
781 727 800 759 3
823 726 936 759 lineas
956 725 1096 769 longus.
1124 724 1180 759 Ab
1208 724 1379 759 affinibus
1406 725 1441 759 S.
1470 724 1656 769 saxifraqci
1685 730 1722 759 et
1752 724 1897 759 Smithii

334 772 489 816 pulvinis
531 772 650 806 densis
688 772 965 815 petalorumque
1002 772 1136 806 lamina
1173 771 1374 806 obcordata
1413 774 1518 806 rosea
1546 772 1659 805 multo
1691 771 1841 815 majore,
1873 781 1895 805 a

335 819 371 853 S.
401 819 527 853 oreade
558 829 637 863 quae
670 829 813 863 quoque
845 819 1045 863 pulvinaris
1081 818 1206 853 eadem
1243 819 1386 853 laminae
1418 818 1667 863 magnitudine
1703 823 1738 853 et
1771 818 1894 863 calyce

336 865 465 909 glabro
487 865 686 901 discedens.

219 1015 312 1060 653,
348 1013 401 1052 S.
424 1013 719 1063 capillipes,
741 1012 850 1055 adde
873 1026 881 1053 :

384 1099 476 1133 Hab.
497 1100 534 1133 in
551 1105 672 1134 monte
692 1100 948 1135 Yamourdaba
969 1100 1066 1145 dagh
1086 1100 1220 1135 Ciliciae
1241 1100 1416 1134 Tracheae
1436 1101 1540 1134 4200‘
1560 1100 1730 1143 (Peronin
1743 1100 1779 1143 !).

386 1164 515 1198 Caules
542 1174 560 1199 e
581 1165 779 1199 rhizomate
800 1165 997 1209 cylindrico
1018 1165 1182 1200 verticali
1205 1165 1329 1209 plures
1358 1164 1596 1199 ascendentes
1615 1165 1731 1199 teneri
1754 1163 1895 1199 inferne

338 1211 471 1245 ramosi
488 1213 549 1245 3-5
569 1211 718 1255 pollices
740 1212 848 1256 longi.

217 1359 311 1404 653,
344 1357 394 1396 S.
417 1356 719 1417 caespites-‚Q
743 1356 878 1397 adde:
902 1357 960 1398 Ic.
984 1357 1135 1398 Trans.
1159 1357 1280 1398 Linn.
1304 1357 1378 1405 XI,
1402 1357 1490 1398 tab.
1514 1360 1578 1399 35.

386 1447 416 1479 A
438 1445 699 1479 recentioribus
721 1455 791 1479 non
812 1445 920 1479 lecta.

215 1591 309 1636 654,
337 1587 727 1682 δὲοξέοείἥίεηε,
751 1586 860 1628 adde
879 1598 970 1639 syn.
990 1600 998 1627 :
1018 1587 1260 1628 Petrocoma
1281 1586 1520 1640 Hoeffte'ana
1536 1587 1666 1640 Rupr.
1685 1586 1745 1628 Fl.
1765 1587 1892 1629 Cauc.

322 1654 363 1693 p.
470 1673 478 1681 .

218 1792 310 1837 655,
346 1790 399 1829 S.
427 1789 651 1829 Schafta
674 1800 682 1828 :
707 1787 843 1840 Hujus
863 1788 955 1828 icon
977 1788 1018 1828 in
1041 1786 1151 1828 Sert.
1175 1788 1387 1840 Petropol.

216 1943 310 1988 655,
346 1941 399 1981 S.
423 1940 662 1988 humilis,
686 1939 794 1980 adde
819 1952 828 1979 :

383 2028 477 2062 Hab.
499 2029 534 2062 in
554 2028 736 2062 montibus
755 2027 947 2062 altioribus
964 2027 1169 2061 Tuschetiae
1188 2032 1223 2061 et
1243 2027 1503 2071 Daghestaniae
1517 2029 1720 2071 praesertim
1735 2029 1771 2062 in
1785 2027 1895 2063 schis-

337 2077 424 2110 tosis
445 2075 490 2109 ad
513 2076 626 2110 moles
646 2075 820 2119 glaciales
841 2076 1004 2109 9-10800'
1027 2074 1200 2118 (Ruptum.

385 2140 515 2175 Caules
536 2151 554 2174 e
575 2140 697 2175 radice
717 2139 1011 2184 perpendiculari
1032 2140 1186 2182 primum
1201 2138 1361 2173 filiformi
1381 2139 1526 2174 tandem
1544 2139 1741 2184 cylindriea
1762 2139 1896 2174 brevis-

337 2188 415 2221 simi
436 2187 716 2231 procumbentes
735 2188 792 2222 vel
814 2186 1062 2221 ascendentes.
1087 2186 1214 2221 Petala
1235 2196 1368 2220 carnea
1387 2186 1445 2220 vel
1466 2187 1674 2230 sanguinea..

220 2331 309 2369 657.
340 2327 392 2367 ad
414 2328 577 2379 generis
602 2328 813 2368 Silenes
835 2328 990 2369 calcem
1012 2328 1148 2368 insere
1172 2340 1179 2367 :

596 2533 759 2587 Species
783 2547 809 2575 α
829 2548 892 2575 me
914 2547 996 2575 non
1016 2533 1107 2575 visa
1127 2533 1353 2586 affinitatis
1373 2533 1525 2575 dubia».

383 2668 436 2708 S.
454 2668 743 2719 Rhodopea
758 2667 898 2708 Janka
910 2668 1074 2716 (Descr.
1091 2667 1153 2708 Pl.
1170 2666 1274 2708 Nov.
1295 2668 1336 2708 in
1353 2667 1696 2719 Termeszetrajzi
1710 2666 1897 2708 Fuzetek

325 2720 404 2761 vol.
440 2720 494 2768 II,
532 2724 646 2768 1878,
678 2720 766 2761 tab.
801 2724 838 2768 3,
874 2720 946 2772 fig.
984 2722 1021 2769 1)
1053 2720 1171 2760 caule
1203 2721 1388 2760 solitario
1423 2724 1562 2761 erecto
1595 2720 1705 2761 elato
1736 2718 1898 2761 inferne

326 2772 468 2814 foliato
497 2773 753 2825 pubescente
786 2772 919 2814 axillis
951 2771 1249 2823 fasciculigeris
1282 2785 1461 2825 superne
1494 2772 1624 2814 effuse
1657 2772 1897 2824 paniculato

325 2825 494 2874 viscido,
523 2825 628 2866 foliis
655 2825 980 2878 pubescentibus
1010 2825 1459 2878 cuneato-spathulatis
1481 2825 1614 2866 acutis
1635 2826 1676 2865 in
1696 2825 1897 2878 petiolum

325 2879 571 2926 attenuatis,
594 2879 798 2930 supremis
825 2878 1066 2926 linearibus,
1096 2878 1279 2919 bracteis
1303 2877 1412 2919 infra
1441 2877 1562 2920 liores
1589 2878 1898 2919 ovato-navicu-

327 2931 483 2972 laribus
509 2931 804 2972 obtusiusculis
831 2931 1279 2979 semimembranaceis,
1309 2932 1448 2984 calyce
1477 2931 1622 2983 glabro
1654 2930 1896 2972 umbilicato

324 2984 747 3025 obconico-tubuloso
785 2983 1000 3025 fructifero
1038 2982 1146 3024 infra
1184 2984 1398 3035 capsulam
1436 2984 1661 3025 constricto
1700 2983 1896 3024 dentibus
