2115 3250
208 203 341 239 Akine.
956 211 1132 235 ALSINEAE.
1816 199 1881 234 ¹¹3

208 284 278 318 Pag.

211 337 300 383 674,
331 335 388 374 A.
411 343 642 374 recurva
663 348 704 373 α.
729 330 897 382 nivalis,
922 330 1030 371 adde
1052 343 1060 371 ε

373 421 519 511 Ηειὶ).(ἰῐιίι
538 421 649 511 toti’us
667 420 816 455 Caucasi
833 419 980 464 regione
1000 419 1124 462 alpina
1142 429 1254 462 usque
1281 417 1326 452 ad
1349 419 1471 452 lOOOO‘
1491 423 1526 452 et
1546 419 1582 452 in
1603 423 1724 452 monte
1744 421 1881 453 Ararat

328 471 451 502 12000'
517 478 613 511 upr..
634 494 640 501 .

366 552 404 604 β.
437 548 608 590 hirsuta
628 563 642 589 :

372 636 465 671 Hab.
483 637 519 671 in
539 636 686 680 regione
706 635 898 679 subalpina
920 635 1072 670 Caucasi
1094 634 1267 678 (Rupr.!).

211 769 301 815 676,
332 767 389 806 A.
410 777 595 815 verna,
615 765 724 807 adde
746 779 754 806 :

373 854 466 889 Hab.
495 855 531 889 in
547 855 662 889 Ponto
691 854 823 888 Lazico
843 864 955 898 supra
974 853 1223 897 Djimi17500‘
1248 852 1386 899 (Bam),
1416 850 1451 887 sn
1481 854 1642 888 Caucaso
1669 853 1887 889 occidentali

326 904 429 936 2500'
456 902 555 942 (C.A.
578 902 672 946 Mey.
702 912 746 935 ex
772 901 900 944 Rupr.)
930 905 965 935 et
995 900 1147 934 centrali
1177 900 1212 934 in
1241 901 1338 935 valle
1366 900 1486 935 Terek
1511 911 1625 944 prope
1658 900 1753 935 Kobi
1781 903 1888 935 6000‘

329 948 484 992 (Rupr.).
515 969 558 972 —
587 949 755 982 Plantam
782 949 890 982 etiam
917 948 1048 982 montis
1073 947 1294 991 Tufandagh
1322 952 1357 982 et
1385 948 1542 991 regionis
1574 948 1707 991 alpinae
1734 949 1890 983 Caucasi

327 996 513 1030 orientalis
545 996 768 1038 8400-9600‘‚
799 1005 905 1038 quam
932 994 978 1029 ad
1008 995 1054 1029 A.
1086 994 1258 1028 rubellum
1286 994 1407 1028 Wahl.
1440 994 1591 1028 adduxit
1614 995 1814 1038 Ruprecht,
1842 996 1888 1029 cl.

328 1043 439 1077 Fenzl
472 1047 615 1077 secutus
644 1053 710 1086 pro
741 1042 858 1076 forma
886 1043 933 1076 A.
965 1052 1080 1076 vernae
1110 1041 1240 1085 habeo,
1269 1042 1406 1075 semina
1434 1042 1470 1075 in
1505 1042 1574 1076 hac
1602 1043 1725 1085 specie
1754 1043 1887 1077 etenim

328 1090 471 1124 variant
489 1090 659 1124 echinata
675 1089 732 1124 vel
752 1090 889 1123 minute
909 1088 1143 1123 tuberculata
1160 1088 1238 1123 fere
1258 1088 1374 1122 laevia.

369 1174 406 1224 β.
437 1170 697 1224 acutipetala
716 1186 730 1210 .·

329 1258 552 1349 (Hlfiffib'vfd
583 1259 719 1292 scorias
751 1258 883 1292 Atticae
915 1267 1030 1301 prope
1059 1257 1232 1291 Laurium
1263 1262 1298 1292 et
1330 1258 1367 1291 in
1399 1262 1521 1292 monte
1553 1257 1639 1292 OEta
1668 1257 1891 1292 Phthiotidis

380 1316 398 1340 e
443 1317 517 1340 r...

212 1435 734 1531 677,F†.Cjunipe12·ilrga
768 1453 800 1477 ε.
838 1435 1011 1484 lineata,
1042 1435 1151 1476 adde
1178 1447 1269 1487 syn.
1296 1448 1304 1475 :
1340 1435 1394 1475 A.
1423 1434 1726 1476 Biebersteinii
1755 1435 1887 1487 Rupr.

371 1521 379 1530 .
440 1500 532 1530 auc.
554 1501 596 1541 p.
703 1520 712 1530 .

375 1576 468 1611 Hah.
490 1576 525 1610 in
547 1576 707 1611 Caucaso
728 1575 882 1610 centrali
899 1579 935 1609 et
952 1574 1204 1619 Da-ghestania
1220 1574 1337 1609 media
1358 1576 1500 1609 3-6000'
1522 1573 1694 1618 (Rupr.!).

213 1704 303 1750 678,
335 1704 429 1753 post
446 1702 507 1741 A.
527 1700 893 1752 juniperinam
912 1699 1049 1741 insere
1072 1712 1080 1740 :

372 1787 430 1826 A.
453 1787 642 1827 foliosa
670 1785 819 1838 (Royle
844 1785 887 1825 in
907 1784 1044 1826 Hook.
1068 1784 1129 1826 Fl.
1152 1784 1260 1826 Brit.
1283 1784 1375 1825 Ind.
1399 1784 1432 1833 I,
1455 1797 1496 1837 p.
1521 1785 1615 1835 236)
1637 1785 1728 1825 laxe
1748 1785 1892 1837 caespi-

318 1844 410 1879 tosa
430 1839 577 1891 glabra
596 1839 660 1880 vel
680 1838 756 1879 sub
774 1839 888 1879 lente
906 1838 1112 1890 puberula
1130 1837 1221 1879 basi
1241 1838 1538 1886 famosissima,
1556 1838 1683 1878 ramis
1698 1837 1891 1879 floriferis

317 1891 577 1933 filiformibus
598 1892 747 1933 erectis
768 1891 988 1932 ramulosis
1002 1890 1171 1939 foliosis,
1190 1890 1297 1932 foliis
1317 1891 1501 1932 breviter
1519 1891 1727 1932 subulatis
1745 1895 1892 1942 paten-

318 1945 430 1986 tibus
446 1945 670 1993 trinerviis,
691 1945 819 1997 cymis
841 1943 1041 1985 3-5-fl0ris
1060 1944 1367 1996 pedunculatis,
1390 1944 1602 1996 pedicellis
1624 1944 1892 1996 capillaribus

319 1999 445 2038 rectis
472 1998 611 2050 calyce
634 1998 785 2050 saepius
810 1997 1082 2049 longioribus,
1110 1998 1262 2050 sepalis
1289 1997 1731 2049 oblongo-lanceolatis
1758 1998 1893 2038 acutis

319 2051 513 2092 elevatim
539 2051 762 2099 trinerviis,
792 2051 943 2103 petalis
970 2051 1057 2092 late
1088 2051 1276 2092 obovatis
1306 2050 1446 2103 calyce
1477 2051 1891 2103 sesquilongioribus‚

319 2104 509 2198 {vapsullaW
525 2105 650 2144 ovata
686 2103 826 2156 calyce
862 2103 1144 2156 sublongiore,
1184 2103 1412 2145 seminibus
1419 2135 1498 2144 .....
1546 2107 1604 2150 Ql.
1645 2105 1698 2144 A.
1739 2103 1897 2156 Roylei

355 2169 429 2197 enz
512 2168 567 2197 ss.

377 2228 470 2262 Hab.
505 2229 540 2262 in
572 2227 769 2272 Affghania
800 2228 847 2262 ad
875 2228 980 2263 basin
1013 2229 1143 2263 montis
1174 2229 1340 2264 Sikaram
1381 2228 1507 2262 11000'
1540 2228 1694 2272 (Aitch.)
1729 2229 1896 2272 caespites

332 2286 480 2319 magnos
498 2275 642 2309 format.

379 2339 497 2373 Valde
527 2338 646 2373 affinis
682 2339 729 2373 A.
753 2339 974 2383 juniperinoe
1008 2351 1031 2372 ε.
1055 2339 1196 2373 Iineatae
1223 2338 1346 2374 differt
1371 2338 1467 2373 foliis
1497 2338 1668 2373 brevibus
1694 2341 1754 2373 3-4
1780 2339 1896 2373 lineas

333 2386 450 2430 longis
470 2386 604 2430 sepalis
624 2391 660 2420 et
679 2386 811 2429 petalis
832 2386 1034 2420 latioribus.

381 2450 448 2485 Ar.
470 2449 611 2493 Geogr.
632 2451 837 2496 Himalaya.

375 2583 431 2621 A.
457 2581 709 2629 Pichleri,
733 2593 811 2622 caes
843 2581 965 2630 itosa,
985 2581 1212 2622 caudiculis
1227 2582 1423 2623 tenuibus
1439 2581 1546 2623 foliis
1560 2583 1738 2623 vetustis
1753 2594 1898 2635 squar-

322 2634 442 2681 rosis,
478 2634 655 2675 surculis
686 2634 818 2675 sterili
850 2645 898 2675 us
931 2634 1127 2675 brevibus
1148 2634 1392 2676 densissime
1424 2634 1593 2683 foliosis,
1627 2634 1733 2676 foliis
1754 2636 1898 2687 patule

325 2686 802 2739 glanduloso-puberulis
820 2687 1005 2728 breviter
1019 2687 1411 2728 subulato-setaceis
1425 2687 1687 2728 subincurvis
1703 2688 1898 2728 elevatim

325 2739 533 2780 trinerviis
559 2744 601 2780 et
628 2739 814 2787 sulcatis,
845 2739 1034 2780 caulibus
1060 2738 1250 2781 floriferis
1275 2740 1442 2792 pumilis
1469 2739 1717 2781 dichotomis
1737 2744 1900 2781 remote

325 2795 368 2832 et
397 2791 582 2832 breviter
610 2791 763 2832 foliosis
791 2791 1025 2851 fragilibus,
1049 2793 1177 2844 cymis
1205 2793 1462 2844 longiuscule
1489 2793 1782 2845 pedunculatis
1813 2797 1899 2835 3-5-

324 2843 452 2892 floris,
495 2844 677 2884 edicellis
691 2844 957 2896 capillarlbus
971 2844 1072 2885 flore
1084 2845 1238 2897 3-4-plo
1252 2845 1523 2897 longioribus,
1536 2846 1687 2898 sepalis
1702 2846 1900 2898 oblongo-

326 2896 468 2937 lanceo
487 2897 567 2937 atis
588 2897 836 2937 acuminatis
857 2897 1447 2950 glanduloso-pubescentibus
1467 2898 1663 2939 elevatim
1690 2899 1900 2939 trinerviis

325 2949 924 3001 membranaceo-marginatis,
958 2951 1109 3002 petalis
1140 2950 1246 2992 albis
1280 2951 1706 3003 oblongo-linearibus
1740 2951 1901 2992 obtusis

1689 3038 1710 3073 8
