2115 3250
202 221 538 267 Enarthrocarpus.
937 229 1156 254 cauca-snae.
1837 222 1883 259 67

251 310 267 328 a
290 322 297 329 .
920 320 924 324 .

212 302 303 403 ἐξ,
334 354 805 404 Enarthrocarpus
825 355 1099 400 arcuatus,
1120 351 1228 393 adde
1246 364 1254 392 ε

349 491 364 520 t
376 439 469 521 {ab
484 439 520 530 {31
536 449 624 483 agro
638 438 797 483 Trojano
818 437 1037 482 (Schmidt!)‚
1058 438 1093 472 in
1111 439 1228 483 Cypro
1248 438 1295 472 ad
1309 444 1487 482 promont.
1501 441 1573 475 San
1591 440 1757 477 Andreas
1779 441 1885 487 (Sint.

328 497 347 521 e
417 497 491 530 igo.
512 513 520 520 .

203 610 301 656 399,
336 608 392 647 E.
413 608 643 657 lyratus‚
665 606 774 647 adde
796 618 804 646 :

374 695 466 730 Hab.
483 695 592 738 juxta
611 695 688 729 vias
708 695 754 729 ad
774 694 949 740 Kythraea
968 695 1076 741 Cypri
1098 694 1199 738 (Sint.
1221 699 1257 730 et
1275 695 1413 739 Rigol).

198 817 300 863 400,
330 817 427 866 post
449 813 504 854 E.
527 816 915 864 pterocarpum
934 813 1072 854 insere
1098 825 1106 853 :

194 1962 282 2000 404

194 2263 281 2301 405

194 2518 281 2556 405

198 2724 281 2761 406

198 2931 281 2969 409

367 901 423 941 E.
452 900 760 951 tragicerus
793 899 945 950 (Boiss.
979 902 1022 940 et
1054 899 1260 951 Haussk.)
1292 900 1471 952 strigose
1496 900 1560 941 his
1591 900 1685 942 idus
1718 901 1881 943 inferne

310 964 499 994 ramosus
519 952 646 993 ramis
672 952 836 1001 erectis,
858 951 964 993 foliis
989 951 1255 994 inferioribus
1280 952 1427 1004 lyratis
1455 954 1568 1005 petio
1587 954 1667 994 atis
1697 956 1885 1014 superio-

312 1006 428 1047 ribus
448 1005 778 1056 ovato-oblongis
797 1005 1009 1046 sessilibus
1025 1004 1224 1053 dentatis,
1243 1005 1393 1058 petalis
1415 1006 1538 1047 luteis
1559 1006 1699 1059 calyce
1719 1007 1885 1060 h1spido

311 1059 436 1111 duplo
455 1058 726 1110 longioribus,
743 1058 918 1098 racemis
940 1057 1108 1098 demum
1122 1058 1327 1110 elongatis
1341 1058 1534 1110 aphyllis,
1551 1059 1712 1111 siliquis
1727 1071 1750 1101 e
1767 1060 1884 1112 pedi-

309 1112 414 1153 cello
433 1111 549 1152 brevi
569 1110 841 1151 crassiusculo
861 1109 982 1151 valde
1007 1114 1180 1161 curvato
1199 1110 1389 1163 pendulis
1409 1111 1599 1163 strigosis
1622 1112 1885 1161 indehiscen-

308 1165 438 1213 tibus,
471 1164 646 1204 articulo
675 1162 870 1204 inferiore
899 1163 1123 1215 cylindrico
1154 1164 1284 1204 'valvis
1305 1168 1421 1205 arcte
1441 1165 1646 1214 connatis,
1669 1166 1885 1217 superiore

309 1217 545 1270 quadruplo
569 1216 756 1268 longiore
781 1215 834 1256 ad
857 1219 1022 1268 partem
1042 1215 1280 1257 inferiorem
1309 1216 1538 1258 tuberculis
1566 1217 1718 1259 Iobatis
1749 1221 1886 1259 trans-

310 1271 440 1311 versis
468 1270 603 1311 obsito
629 1270 783 1310 sensim
813 1270 856 1310 in
889 1273 1072 1310 rostrum
1105 1269 1207 1310 laeve
1237 1269 1456 1311 incurvum
1488 1270 1605 1322 apice
1639 1271 1885 1312 subulatum

307 1335 500 1376 pungens
521 1326 742 1364 attenuato
763 1324 827 1371 Θ.

369 1394 463 1429 Hab.
484 1394 520 1428 in
540 1393 754 1438 graminosis
772 1393 906 1427 Persiae
923 1392 1094 1427 australis
1113 1393 1208 1427 inter
1224 1392 1422 1437 Kumaredj
1440 1398 1476 1428 et
1493 1393 1648 1428 Dalechi
1663 1394 1882 1439 (Haussk.!).

370 1459 527 1502 Pedalis,
547 1458 636 1492 folia
659 1457 834 1492 inferiora
854 1468 932 1491 cum
959 1457 1096 1501 petiolo
1122 1458 1404 1501 2-3-pollicaria.
1425 1458 1553 1493 Flores
1578 1459 1773 1502 majusculi
1801 1470 1883 1494 sua-

323 1506 509 1541 veolentes
535 1505 924 1550 corymboso-capitati.
950 1505 1128 1539 Racemus
1153 1504 1321 1539 fructifer
1351 1505 1602 1549 ¹l2-l-pedalis.
1623 1506 1770 1550 Siliquae
1791 1507 1878 1541 arti-

320 1554 426 1590 culus
453 1553 603 1587 inferior
629 1554 687 1587 5-6
706 1552 820 1586 lineas
849 1552 977 1596 longus
1001 1552 1097 1586 intus
1122 1552 1437 1596 longitudinaliter
1465 1553 1686 1597 bilocularis,
1712 1555 1880 1598 superior

325 1603 431 1635 15-18
450 1601 564 1635 lineas
584 1600 713 1643 longus
735 1600 831 1634 intus
857 1599 1148 1642 plurilocellatus
1173 1599 1315 1634 inferne
1343 1600 1498 1634 articulo
1523 1600 1696 1635 inferiore
1722 1602 1881 1636 crassior

322 1653 360 1683 et
379 1647 578 1682 tuberculis
603 1647 738 1690 sparsis
758 1647 816 1681 vel
841 1646 1007 1690 pluribus
1029 1646 1307 1681 horizontaliter
1332 1647 1596 1691 approximatis
1621 1648 1875 1692 sesquilineam

322 1695 407 1729 latis
436 1695 585 1729 obsitus.
614 1694 757 1729 Semina
788 1693 939 1735 globosa
968 1694 1214 1737 orthoplocea.
1236 1694 1381 1737 Species
1405 1695 1553 1739 insignis
1581 1700 1700 1730 rostro
1727 1696 1876 1730 hamato

322 1742 543 1776 Hussom'am
557 1741 728 1784 referens,
742 1741 804 1775 sed
818 1740 1051 1786 cotyledones
1067 1740 1174 1775 valde
1188 1741 1332 1784 plicatae
1350 1752 1416 1776 nec
1429 1742 1725 1777 concaviusculae.
1739 1743 1879 1787 Siliqua

323 1795 442 1823 rostro
463 1789 631 1833 elongato
648 1789 797 1823 incurvo
815 1799 893 1823 eam
924 1788 1144 1833 Chorisporae
1163 1789 1313 1823 Persicae
1331 1788 1424 1824 facie
1443 1789 1616 1834 referens,
1636 1789 1701 1824 sed
1725 1791 1876 1825 charac-

322 1842 418 1871 teres
436 1836 679 1871 diversissimi.

287 1990 296 2008 ,
330 1958 620 1998 Didesmus
639 1958 928 2010 AEqyptius
950 1970 959 1998 :

370 2046 461 2080 Dele
489 2056 533 2080 ex
553 2045 779 2081 habitatione
804 2047 1016 2091 AEgyptum‚
1036 2057 1118 2081 nam
1149 2057 1193 2081 ex
1222 2047 1265 2081 cl.
1295 2047 1482 2083 Schweinf.
1514 2048 1550 2082 in
1581 2048 1652 2083 litt.
1681 2049 1878 2094 Myaymm

320 2093 898 2175 fflqgsfgsszefznaibmflhggselquistio
923 2094 1073 2128 citatum
1101 2093 1148 2128 ad
1179 2093 1324 2130 Gakilen
1347 2096 1565 2130 maritimam
1586 2107 1663 2131 var.
1695 2097 1880 2142 inteqn'fo-

288 2292 296 2310 ‚
331 2261 390 2301 D.
411 2261 743 2311 tenuiiolius,
769 2261 877 2303 adde
898 2274 906 2302 :

322 2348 525 2440 (ΡίῙέἶῗ).,)ἰῐι
556 2350 688 2384 Atticae
713 2350 849 2394 campis
873 2349 921 2385 ad
949 2350 1125 2385 Piraeeum
1152 2350 1293 2395 (Heldr.
1313 2362 1387 2387 exs.
1408 2353 1499 2397 631),
1525 2352 1644 2388 insula
1664 2353 1880 2398 Karpathos

287 2547 296 2563 ,
330 2517 389 2556 D.
411 2519 702 2565 rostratas,
723 2516 864 2558 adde:

368 2601 462 2636 Hab.
479 2612 594 2646 prope
613 2602 634 2637 J
639 2602 761 2638 ericho
780 2602 1117 2649 (Schlumberger!).

287 2754 295 2769 ,
328 2721 556 2763 crambe
575 2723 840 2773 Tatarica‚
862 2723 971 2766 adde
992 2737 1001 2765 :

369 2808 462 2842 Hab.
483 2809 518 2843 in
539 2809 718 2854 depressis
738 2810 864 2846 calidis
884 2811 1141 2856 Daghestaniae
1161 2824 1276 2859 prope
1294 2813 1406 2850 Gimri
1427 2814 1582 2860 (Rupr.).

287 2960 296 2976 ‚
330 2928 534 2969 Bunias
560 2929 861 2981 orientalis,
884 2931 1020 2973 adde:

367 3016 461 3051 Hah.
481 3017 517 3051 in
534 3018 650 3062 pratis
663 3018 864 3063 subalpinis
879 3020 984 3055 vallis
1001 3021 1127 3066 Djimil
1147 3023 1253 3060 Ponti
1273 3022 1395 3062 Lazici
1415 3025 1520 3059 6000'
1536 3023 1631 3069 (Bal.
1644 3025 1682 3069 ἱ).
