2094 3351
241 228 310 264 308
969 240 1190 265 comosum.
1733 239 1915 269 vav-auus.

235 311 306 346 Pag.

349 371 494 403 ovatos
515 362 909 414 spinuloso-ciliatos
932 363 1085 411 incisis,
1108 363 1354 415 pedunculis
1373 364 1569 405 brevibus
1589 365 1712 406 alatis
1732 376 1927 407 monoce-

347 415 498 467 phalis,
528 415 722 468 capitulis
751 415 905 467 parvis.
935 416 1135 456 involucri
1165 415 1315 469 phyllis
1345 418 1526 458 externis
1554 429 1679 469 parce
1707 418 1922 460 arachnoi-

348 469 436 509 deis
458 468 917 509 lanceolato-subulatis
937 469 1163 509 uninerviis
1184 469 1339 520 patulis
1369 474 1411 510 et
1439 471 1604 518 erectiS‚
1634 471 1810 512 internis
1836 471 1922 512 lon-

348 521 533 573 gioribus
560 521 755 561 coloratis
777 522 926 562 erectis
954 521 1262 562 subinermibus
1292 521 1472 563 flosculis
1500 524 1721 575 purpureis
1749 524 1923 565 subbre-

345 574 527 615 vioribus
549 577 612 622 ἐξ.

403 644 496 679 Hah.
515 645 550 678 in
577 645 828 688 Daghestania
847 645 997 679 Caucasi
1016 645 1204 679 orientalis
1222 656 1336 689 prope
1355 645 1473 691 Achty
1493 652 1528 680 et
1544 647 1698 681 Maruch
1719 647 1918 692 (Beckerl).

402 711 604 753 Specimina
636 719 717 743 mea
748 709 997 753 semipedalia,
1025 710 1185 753 capitula
1219 711 1268 744 eis
1304 710 1340 745 C.
1370 712 1667 756 acanthocephali
1699 711 1776 746 sere
1806 713 1918 756 triplo

354 758 493 791 minora
531 757 732 801 phyllaque
767 758 933 791 tenuiora
966 763 1001 790 et
1034 756 1212 791 breviora.
1245 757 1281 792 C.
1312 759 1592 801 onopordioicles
1623 758 1742 794 affinis
1775 770 1920 804 quoque

355 804 527 847 glabritie
549 811 584 838 et
599 804 733 848 phyllis
755 804 934 848 elongatis
956 803 1078 838 distat.

234 937 326 982 527,
359 933 596 973 Cirsium
617 933 969 981 serrulatum‚
994 933 1102 974 adde
1126 946 1133 974 :

398 1022 491 1057 IIab.
513 1023 548 1056 in
569 1022 669 1056 silvis
686 1022 816 1055 montis
837 1021 912 1055 Idae
933 1021 1087 1056 Troadis
1110 1032 1224 1066 prope
1246 1022 1426 1058 Kareilios
1449 1022 1552 1066 (Sint.
1573 1024 1685 1062 6163).

397 1086 464 1120 Ar.
489 1085 633 1128 Geogr.
657 1085 795 1121 Serbia.

231 1220 322 1268 529,
348 1219 401 1258 C.
426 1218 794 1264 decussatum,
816 1215 925 1256 adde
948 1229 956 1256 ι
980 1215 1068 1257 Vis.
1092 1215 1154 1257 Fl.
1177 1217 1315 1257 Dalm.
1341 1215 1486 1270 Suppl.
1512 1217 1586 1258 alt.
1609 1217 1698 1258 tab.
1723 1220 1760 1259 2.

397 1305 665 1341 C1.Heldreieh
693 1315 736 1338 ex
762 1305 909 1348 regione
935 1304 1060 1347 alpina
1085 1305 1217 1338 montis
1241 1305 1471 1349 Tymphresti
1503 1306 1653 1346 AEtoliae
1679 1307 1775 1341 misit
1801 1307 1914 1350 speci·

347 1363 428 1387 men
450 1363 471 1387 a
489 1352 605 1386 forma
625 1352 747 1396 typica
768 1352 943 1385 involucri
965 1353 1023 1385 vix
1052 1352 1217 1386 araneosi
1238 1352 1376 1397 phyllis
1395 1353 1454 1387 vix
1482 1353 1678 1397 spinulosis
1704 1354 1740 1388 in
1773 1355 1913 1398 spinam

348 1401 548 1444 longiorem
569 1399 787 1434 abeuntibus
809 1398 994 1433 aberrans.

228 1536 319 1580 530,
354 1534 407 1573 C.
433 1532 654 1580 Lobelii‚
677 1530 786 1571 adde
809 1544 817 1571 :

392 1620 462 1656 Ar.
484 1619 627 1663 Geogr.
649 1621 757 1655 Italia
776 1620 960 1664 australis,
981 1620 1115 1655 Sicilia.

226 1763 317 1808 533,
350 1763 445 1812 post
466 1759 518 1799 C.
540 1760 892 1799 bracteosum
913 1758 1050 1798 insere
1074 1771 1082 1798 z

387 1849 439 1888 C.
468 1846 784 1894 Aitchisoni‚
813 1845 968 1898 pallide
997 1846 1135 1886 virens
1167 1845 1244 1886 sub
1278 1845 1392 1886 lente.
1424 1845 1610 1886 tenuiter
1643 1856 1909 1895 araneosum,

332 1901 451 1941 caule
490 1899 750 1952 corymboso.
786 1898 893 1939 foliis
926 1899 1123 1939 coriaceis
1157 1898 1635 1950 semiamplexicaulibus
1667 1898 1912 1939 lanceolatis

330 1953 649 2005 pinnatilobatis
670 1952 774 1993 lobis
795 1952 835 1992 in
857 1952 998 2004 spinas
1019 1951 1178 1992 validas
1207 1951 1382 1992 flavidas
1413 1951 1680 2000 abeuntibus,
1703 1952 1911 2003 supremis

330 2007 521 2058 angustis
542 2006 877 2058 pinnatipartitis
899 2005 1084 2057 capitula
1105 2007 1172 2045 2-3
1199 2004 1360 2045 sessilia
1386 2008 1586 2055 congesta
1614 2004 1911 2045 involucranti-

329 2060 408 2101 bus
451 2059 846 2111 superantibusque,
887 2058 1088 2098 involucri
1126 2069 1251 2110 parce
1291 2058 1481 2098 araneosi
1522 2062 1565 2098 et
1607 2057 1909 2109 glabrescentis

327 2113 480 2165 phyllis
512 2113 696 2153 breviter
727 2111 970 2152 lanceolatis
1003 2111 1201 2152 carinatis
1236 2110 1445 2162 adpressis
1484 2111 1659 2161 integris
1693 2110 1734 2150 in
1768 2110 1910 2162 spinas

328 2171 476 2207 tenues
497 2177 635 2206 reetas
656 2165 714 2205 eis
736 2164 942 2216 longiores
963 2164 1231 2211 abeuntibus,
1255 2164 1412 2204 intimis
1428 2163 1657 2204 inermibus
1676 2166 1733 2210 91.
1757 2162 1912 2205 (Inicus

330 2219 531 2260 horridus
550 2217 689 2259 Aitch.
713 2217 807 2258 Cat.
830 2218 871 2257 in
893 2217 1040 2258 Journ.
1064 2217 1186 2257 Linn.
1211 2216 1304 2258 Soc.
1327 2216 1484 2265 XVIII,
1504 2229 1546 2268 p.
1570 2219 1616 2257 71
1641 2228 1721 2256 non
1748 2216 1862 2257 M.B.

388 2291 480 2325 Hal).
502 2291 596 2324 inter
620 2289 761 2333 lapides
789 2289 834 2323 ad
859 2289 1038 2323 Drekalla
1065 2288 1209 2323 ditionis
1238 2288 1375 2322 Kuram
1402 2287 1608 2332 Affghaniae
1635 2289 1739 2322 8500*
1773 2287 1906 2331 (Aitch.

341 2340 454 2373 970tl.
475 2338 637 2372 Eandem
661 2338 817 2380 speciem
843 2336 943 2370 dedit
963 2336 1007 2370 cl.
1032 2336 1158 2380 Bunge
1178 2337 1213 2370 in
1238 2346 1338 2379 prov,
1364 2335 1576 2369 Khorassan
1603 2335 1737 2369 Persiae
1764 2335 1906 2369 lectam.

389 2401 672 2446 Quadripedale,
689 2401 849 2445 capitula
864 2401 1112 2444 magnitudine
1130 2401 1242 2435 nucis.
1257 2400 1464 2434 Proximum
1487 2400 1521 2435 G.
1540 2400 1722 2434 bracteoso
1736 2399 1906 2444 glabritie

338 2461 403 2485 nec
425 2461 495 2484 non
524 2450 700 2484 involucri
727 2450 838 2492 spinis
859 2449 972 2482 multo
997 2447 1224 2482 brevioribus
1252 2447 1432 2481 distincto.
1461 2449 1491 2481 A
1523 2447 1557 2482 C.
1587 2447 1734 2481 horrido
1762 2447 1904 2481 omnino

339 2499 509 2533 alienum.

219 2623 310 2667 528,
344 2619 395 2659 C.
419 2617 798 2666 lanceolatum‚
823 2615 931 2657 adde
954 2628 962 2656 :

381 2708 475 2742 Hab.
496 2708 531 2741 in
553 2706 660 2741 cultis
678 2706 784 2740 vallis
806 2705 942 2739 Kuram
962 2704 1168 2749 Affghaniae
1191 2704 1325 2747 (Aitch.
1339 2705 1371 2747 !).

378 2771 446 2806 Ar.
468 2771 624 2815 Geogr„
645 2770 761 2805 adde:
784 2770 897 2814 Regio
916 2769 1121 2804 Himalaica
1142 2768 1390 2803 occidentalis.

213 2908 304 2953 541,
337 2909 431 2957 post
456 2905 507 2944 C.
533 2903 910 2943 Pannonicum
933 2902 1071 2942 insere
1095 2914 1102 2942 :

373 2991 425 3030 C.
449 2989 881 3029 heterotrichum
905 2985 1077 3038 (Paul-ic
1099 2985 1234 3027 Elem.
1259 2985 1311 3026 ad
1333 2984 1499 3026 Floram
1521 2984 1746 3035 Bulgariae‚
1770 2995 1811 3035 p.
1829 2982 1902 3033 42)
