2094 3351
205 223 272 259 194
916 232 1168 257 LEGUMINOSAE.
1659 220 1868 266 Lespedeza.

201 305 272 340 Pag.

309 357 453 397 axillas
475 358 541 396 2-4
562 354 816 396 fasciculatis
835 354 1018 395 breviter
1067 352 1310 401 edieellatis,
1333 352 1543 404 legumine
1562 351 1722 392 minuto
1742 350 1873 392 sessili

308 409 465 450 sericeo
489 409 541 460 3.
564 407 618 449 L.
640 408 819 449 cuneata
836 407 943 448 Don.
965 429 1017 435 —
1081 405 1310 458 edysarum
1328 404 1529 446 sericeum
1549 403 1715 445 Thunb.

320 479 460 569 (AIIalIJ).
478 490 522 560 (¹316
529 478 710 565 ῙΙῗῗὶᾶοείε
733 477 779 512 ad
806 477 977 513 Shalizan
997 476 1102 511 vallis
1128 476 1265 510 Kuram
1289 475 1494 520 Affghaniae
1520 475 1716 509 communis
1735 475 1873 508 6-7000‘

371 532 420 561 lte
450 553 456 560 .
558 553 564 559 .
587 552 594 559 .

369 590 437 624 Ar.
460 589 601 632 Googr.
620 590 734 633 Regio
755 589 969 631 Himalaica,
989 588 1113 631 China,
1133 587 1300 631 Japonia,
1318 587 1422 621 Nova
1438 586 1647 621 Hollandia.

204 741 294 785 563,
329 737 483 777 Cicer
514 737 544 776 J
551 735 914 785 acquemontii
937 752 982 767 z
1008 732 1051 775 C.
1075 732 1352 787 Sonyaricum
1372 732 1513 773 Baker
1531 733 1573 773 in
1592 731 1730 773 Aiteh.
1753 731 1876 772 Flora

310 789 469 830 Kuram
487 788 633 829 Journ.
655 787 778 828 Linn.
802 786 912 835 Soc„
935 786 1091 835 XVIII,
1113 798 1155 838 p.
1177 789 1228 827 49
1244 797 1325 826 non
1347 784 1492 837 Steph.

367 893 458 928 Hab.
481 893 527 927 ad
546 893 692 927 Kaiwas
711 892 917 936 Affghaniae
935 902 1050 935 prope
1070 891 1178 925 silvas
1198 892 1322 925 lOOOO'
1342 890 1475 932 (Aitch.
1496 890 1609 933 7401).

205 1043 296 1087 577,
326 1039 479 1080 Vicia
501 1038 815 1084 Michauxii.
839 1037 947 1078 adde
970 1051 977 1077 :

370 1127 463 1161 Hab.
483 1128 519 1161 in
541 1127 752 1161 Antilibano
775 1126 1067 1170 (Schlumberger
1077 1127 1111 1169 1).

204 1262 295 1307 589,
326 1259 387 1299 V.
410 1259 569 1310 picta,
592 1258 700 1299 adde
722 1271 730 1298 ε

369 1345 436 1379 Ar.
459 1345 601 1387 Geogr.
620 1345 751 1380 Rossia
771 1345 1111 1380 austro-orientalis.

203 1481 295 1526 592,
326 1477 388 1517 V.
412 1476 723 1523 Palaestina,
746 1474 855 1516 adde
877 1488 884 1515 :

367 1565 463 1600 Hab.
482 1565 590 1609 Cypri
608 1565 644 1598 in
664 1563 844 1599 fruticetis
863 1575 978 1608 prope
994 1565 1131 1609 Hagios
1148 1564 1380 1599 Andronikos
1401 1564 1507 1608 (Sint.
1526 1570 1561 1599 et
1578 1564 1670 1608 Rigo
1690 1566 1757 1599 465
1771 1565 1806 1608 ἔ).

203 1716 295 1762 592,
326 1713 388 1753 V.
410 1711 752 1759 monanthOS‚
775 1710 883 1751 adde
905 1723 914 1750 ε

367 1801 461 1836 Hab.
480 1801 517 1836 in
537 1800 686 1845 regione
705 1799 825 1834 media
841 1800 973 1834 montis
995 1800 1121 1834 Pelion
1141 1800 1341 1835 Thessaliae
1362 1802 1464 1835 20001
1490 1800 1676 1844 (Helm-A).

204 1937 297 1983 593,
326 1935 387 1975 V.
415 1935 718 1985 Smyrnaea,
741 1931 850 1973 adde
873 1944 881 1972 :

368 2021 460 2056 Hah.
480 2022 576 2056 inter
592 2025 735 2065 segetes
752 2019 881 2054 insulae
901 2018 1028 2063 Hydra
1048 2019 1248 2058 (Pichler!).

204 2169 296 2215 595,
326 2166 387 2206 V.
412 2165 630 2214 Ervilia,
652 2164 762 2206 adde
783 2177 791 2205 :

369 2252 463 2288 Hah.
483 2253 521 2287 in
541 2252 689 2297 regione
711 2251 874 2287 abietina
899 2250 1086 2295 superiore
1107 2255 1142 2284 et
1164 2249 1282 2284 media
1305 2250 1435 2284 montis
1456 2249 1582 2284 Korax
1601 2250 1752 2285 AEtoliae
1772 2252 1877 2286 4500-

322 2302 426 2335 5500'
446 2305 487 2335 ut
506 2299 649 2334 videtur
669 2304 873 2343 spontanea
895 2298 1079 2341 (Heldr.!).

204 2446 296 2492 596,
322 2443 384 2484 V.
408 2443 731 2494 pubescens,
753 2441 863 2483 adde
885 2454 893 2483 :

369 2531 464 2566 Hab.
478 2531 526 2566 ad
542 2541 648 2576 sepes
667 2530 835 2565 humidas
854 2530 986 2565 Libani
1004 2540 1118 2575 prope
1135 2529 1248 2566 Gadir
1262 2530 1462 2575 (Peyronl).

204 2677 294 2723 602,
329 2675 606 2725 Lathyrus
625 2673 1059 2726 pseudoaphaca,
1082 2672 1190 2714 adde
1213 2686 1221 2713 ;

368 2761 462 2797 Hab.
482 2763 519 2796 in
535 2761 717 2796 montibus
733 2760 855 2796 Rhodi
876 2761 1068 2805 (Bourg.!).

205 2895 296 2940 603,
330 2893 385 2932 L.
411 2900 641 2940 annuus,
663 2890 772 2933 adde
794 2903 802 2931 :

369 2980 465 3016 Hab.
483 2981 520 3015 in
540 2980 703 3026 AEgypto
725 2979 899 3023 (Ehrenb.
911 2981 945 3020 1).
