2094 3351
221 226 266 261 66
942 235 1167 258 CRUCWERAE.
1658 221 1897 256 Moricandia.

238 305 261 331 P
300 325 307 330 .

223 313 314 404 38⁸6,
348 356 685 396 Moricandia
709 355 941 402 Sinaica,
964 353 1072 394 adde
1093 366 1101 394 :

386 435 480 478 Hab.
495 444 529 477 in
546 443 649 477 fauce
663 442 779 477 Ouadi
792 441 873 475 Abu
888 441 1025 474 Marwa
1040 440 1174 474 deserti
1188 438 1335 473 Arabici
1347 438 1498 483 AEgypti
1513 438 1639 472 mediae
1655 437 1899 482 (Schweinffl),

340 491 464 525 Persia
483 490 635 524 australi
655 490 689 523 in
710 489 898 533 gypsaceis
918 489 1011 522 inter
1032 487 1140 521 Kotel
1161 485 1358 529 Kumaredj
1383 492 1418 520 et
1436 485 1588 520 Dalechi
1610 485 1828 528 (Haussk.!).

223 626 313 671 389,
347 624 707 662 Erucastrum
735 619 1184 669 lasiocalycinum
1211 617 1351 658 fructu
1379 628 1488 658 nune
1521 620 1618 658 noto
1651 617 1702 658 ob
1738 617 1899 658 semina

329 675 498 727 globosa
521 673 574 714 ad
594 673 842 715 Brassicam
860 670 1213 712 transferendum.
1238 670 1344 710 Vide
1364 669 1486 710 infra.

223 816 314 860 391,
345 810 598 852 Brassica
618 808 970 856 bracteolata,
994 806 1101 848 adde
1124 819 1132 846 :

341 900 482 991 (Aliaxb.
520 899 673 981 inSOqasi
702 900 833 942 magna
866 897 1018 942 AEgypti
1052 894 1255 932 (Schweinf.
1289 904 1362 930 exs.
1395 897 1504 938 1351),
1536 896 1572 930 in
1601 896 1686 931 Oasi
1718 896 1901 932 Farafrah

392 959 428 982 sc
458 958 526 982 ers.
605 952 638 987 .).

223 1077 314 1122 391,
348 1074 406 1113 Β.
429 1071 655 1118 Cretica,
679 1069 787 1111 adde
810 1082 818 1109 ε

387 1159 481 1194 Hah.
513 1159 548 1193 in
576 1158 727 1202 rupibus
752 1158 882 1192 montis
902 1155 1155 1200 Pentadactyli
1181 1156 1290 1200 Cypri
1309 1155 1411 1197 (Sint.
1435 1160 1469 1189 et
1492 1155 1632 1199 RigoH,
1658 1155 1785 1190 insulae
1811 1155 1904 1190 Kar-

342 1208 474 1252 pathos
492 1205 621 1250 (Pichl.
642 1207 686 1239 67
699 1206 733 1249 !),
753 1206 789 1239 in
806 1204 957 1248 rupibus
976 1203 1165 1238 maritimis
1186 1203 1293 1237 Ponti
1310 1202 1431 1236 Lazici
1449 1213 1563 1246 prope
1584 1203 1695 1237 Atian
1713 1202 1856 1246 (Bam).

226 1344 317 1389 393,
348 1343 444 1392 post
465 1340 522 1379 B.
547 1337 817 1378 deflexam
842 1336 979 1376 insere
1001 1348 1010 1376 z

384 1427 442 1465 B.
475 1421 856 1473 lasiocalycina
889 1421 1041 1472 (Boiss.
1070 1425 1114 1462 et
1144 1420 1330 1462 Haussk.
1365 1419 1428 1461 Fl.
1460 1419 1533 1462 Or.
1561 1419 1596 1468 I,
1630 1432 1673 1472 p.
1702 1423 1793 1468 389,
1822 1420 1900 1461 sub

330 1476 582 1527 Erzwastro)
604 1475 696 1527 plus
716 1475 853 1516 minus
872 1475 1019 1527 pilosa,
1037 1474 1156 1515 caule
1176 1474 1287 1515 elato
1307 1472 1571 1514 divaricatim
1590 1484 1770 1521 ramoso,
1793 1472 1902 1514 foliis

330 1530 541 1584 petiolatis
574 1528 903 1579 triangularibus
934 1527 998 1568 vel
1035 1527 1168 1568 ovatis
1198 1525 1412 1567 interdum
1444 1526 1592 1578 lyratis
1625 1525 1731 1566 lobis
1767 1527 1903 1567 acutis

331 1588 454 1625 acute
476 1581 743 1623 denticulatis
762 1581 967 1633 supremis
986 1579 1245 1627 lanceolatis,
1267 1578 1419 1631 sepalis
1438 1578 1584 1631 patule
1605 1578 1762 1631 pilosis,
1786 1583 1906 1631 peta-

333 1637 382 1678 lis
415 1636 538 1677 luteis
572 1633 712 1686 calyce
743 1633 917 1686 2¹l2-plo
944 1632 1215 1685 longioribus,
1243 1631 1419 1673 racemis
1446 1630 1673 1672 fructiferis
1699 1631 1906 1680 elongatis

331 1689 491 1742 rigidis,
513 1687 726 1740 pedicellis
746 1687 896 1727 crassis
921 1685 1118 1727 brevibus
1145 1684 1299 1737 angulo
1325 1688 1440 1725 recto
1465 1683 1725 1736 patentibus,
1755 1684 1908 1736 siliqua

331 1743 448 1783 recta
457 1741 654 1793 elongata
668 1739 1161 1791 tetragono-compressa,
1173 1738 1302 1778 valvis
1316 1739 1434 1778 costa
1450 1738 1590 1778 crassa
1604 1736 1770 1778 subcari
1777 1737 1902 1785 natis,

332 1799 468 1836 rostro
495 1793 673 1842 oblongo
700 1792 850 1833 obtuso
877 1790 1130 1839 seminifero,
1158 1789 1385 1832 seminibus
1414 1789 1595 1842 globosis
1622 1792 1686 1839 Θ.
1714 1789 1905 1831 Εντισαε-

334 1850 448 1889 trum
469 1845 814 1898 lasiocalycz'num
834 1844 967 1886 Boiss.
990 1847 1033 1885 et
1052 1843 1237 1885 Haussk.
1260 1843 1338 1884 loc.
1362 1843 1434 1884 cit.

391 1918 485 1953 Hab.
502 1919 539 1953 in
553 1918 660 1952 cultis
674 1917 809 1961 Aleppi
826 1917 912 1951 etin
926 1915 1154 1960 rupestribus
1166 1914 1214 1949 ad
1226 1914 1368 1949 radices
1381 1914 1514 1948 montis
1525 1913 1673 1957 Sindjar
1687 1914 1859 1953 (Haussk.
1869 1915 1908 1955 !).

392 1983 544 2017 Demum
581 1980 812 2024 2-4-pedalis,
842 1979 950 2014 flores
981 1978 1186 2022 majusculi,
1217 1978 1357 2022 siliquae
1387 1979 1445 2011 2-2
1463 1977 1714 2020 'l2-pollicares
1743 1980 1758 2011 1
1780 1977 1814 2018 ¹l⁴
1843 1977 1908 2012 lin.

346 2030 444 2072 latae,
464 2033 621 2063 rostrum
642 2038 802 2062 crassum
823 2030 839 2061 1
862 2029 937 2067 ¹l2-2
963 2027 1078 2061 lineas
1097 2026 1254 2070 longum.
1277 2025 1331 2060 Ob
1357 2025 1531 2059 seminum
1557 2023 1710 2059 formam
1733 2025 1906 2060 Brassica

345 2088 411 2112 nec
430 2076 679 2111 Erucastrum.

230 2213 320 2258 396,
354 2210 530 2249 Eruca
551 2206 744 2255 sativa,
767 2204 875 2246 adde
898 2218 906 2245 :

394 2295 488 2329 Hab.
502 2295 538 2328 in
558 2293 711 2337 lEgypti
732 2293 817 2327 Oasi
833 2294 966 2336 magna
980 2290 1231 2336 (Schweinf.!).

397 2358 452 2392 Ab
481 2358 551 2391 hac
577 2357 696 2401 specie
722 2356 766 2391 cl.
790 2355 979 2390 Uechtritz
1001 2354 1110 2398 (OEst.
1130 2354 1210 2389 Bot.
1233 2354 1324 2388 Zeit.
1354 2355 1453 2396 1874,
1478 2364 1513 2397 p.
1542 2353 1621 2397 133)
1652 2353 1842 2397 distinguit
1859 2353 1906 2387 E.

348 2406 591 2449 lonqirostrem
625 2403 670 2438 ob
706 2403 831 2447 petala
865 2403 1088 2446 angustiora,
1126 2402 1277 2445 siliquas
1319 2401 1547 2444 angustiores
1584 2406 1704 2435 rostro
1747 2400 1905 2434 fructum

348 2458 517 2496 aequante
540 2451 596 2485 vel
622 2455 830 2494 superante,
847 2450 982 2484 semina
1009 2448 1197 2483 obscurius
1225 2448 1410 2490 biseriata,
1437 2453 1517 2489 etc.,
1538 2447 1622 2482 huic
1647 2453 1783 2491 praeter
1802 2447 1906 2491 plan-

348 2506 422 2534 tam
444 2509 486 2533 ex
508 2498 684 2542 Hispania
709 2496 863 2531 australi
885 2496 1044 2531 Atticam
1073 2500 1108 2530 et
1134 2495 1251 2531 Sibth.
1276 2494 1352 2529 tab.
1379 2496 1447 2529 646
1467 2495 1722 2538 adnumerans,
1743 2494 1807 2529 sed
1830 2494 1907 2528 inae

349 2553 445 2581 notae
463 2546 549 2580 mihi
567 2556 637 2579 non
655 2544 767 2578 firmae
786 2543 953 2579 videntur
972 2549 1008 2578 et
1023 2543 1200 2577 transitus
1219 2552 1291 2577 non
1311 2541 1453 2577 desunt.

231 2681 322 2727 398,
354 2675 647 2718 Schouwia
666 2674 914 2723 Arabica,
936 2673 1045 2714 adde
1067 2686 1075 2714 :

397 2766 491 2801 Hab.
508 2767 544 2800 in
562 2765 705 2800 deserto
719 2765 813 2799 inter
830 2764 957 2799 Keneh
978 2769 1013 2799 et
1033 2762 1182 2798 Kosseir
1202 2762 1355 2807 AEgypti
1371 2761 1568 2806 superioris
1587 2759 1840 2804 (Schweinffl).

231 2897 322 2942 398,
358 2893 482 2933 Sch.
505 2890 826 2943 Schimperi,
849 2889 958 2931 adde
981 2901 989 2929 :

350 2980 443 3015 Hab.
463 2980 500 3015 in
517 2979 660 3015 deserto
679 2979 773 3013 inter
791 2977 908 3013 Esreh
928 2976 1081 3022 AEgypti
1098 2986 1176 3020 sup.
1197 2980 1233 3010 et
1251 2975 1372 3010 Oasim
1388 2974 1556 3019 Chargeh
1574 2973 1748 3019 (Asch.!).
