2094 3351
204 255 273 291 260

192 1445 283 1489 928,

186 2194 277 2239 933,

182 2460 274 2504 940,

900 269 1175 295 cunemannus.
1546 264 1872 310 Pleni-espermum.

311 393 435 433 sectis
461 392 650 433 laeinulis
677 393 826 440 acutis,
856 392 962 433 foliis
994 394 1278 486 superioribus
1316 395 1436 436 valde
1475 396 1690 438 diminutis
1726 400 1880 451 petiolo

310 445 426 486 brevi
472 451 652 496 anguste
689 446 928 496 vaginante,
973 458 1041 487 um
1076 447 1165 487 ollis
1207 448 1528 501 umbellulisque
1564 450 1876 501 multiradiatis,

309 498 507 538 involuem'
568 497 688 550 hyllis
719 499 948 539 numerosis
981 498 1150 540 deflexis
1170 499 1386 542 herbaceis
1415 507 1594 553 anguste
1614 503 1881 557 albo-margi-

309 551 418 591 natis
441 549 541 590 trifi(
558 551 605 598 is,
637 550 869 591 involucelli
898 551 1140 593 lanceolatis
1173 554 1307 594 acutis
1339 561 1518 605 anguste
1549 555 1878 598 membranaceis

309 603 520 655 pedicellis
558 603 917 654 sublongioribus,
958 604 1119 646 fruetus
1158 606 1480 658 ovato-oblongi
1520 607 1633 660 jugis
1670 609 1878 660 primariis

309 656 432 696 alatis
459 659 516 702 ⁸21.

334 725 457 806 AHab‘·
477 725 530 805 7ad
554 725 702 795 'radices
738 727 878 769 rupium
909 727 1133 761 verticalium
1167 728 1272 762 vallis
1310 728 1446 762 Kuram
1477 729 1680 773 Affghaniae
1712 733 1877 766 8-12000'

319 779 325 809 l
370 774 454 806 ite.
500 775 588 806 432.

364 837 487 872 Herba
508 837 737 880 2-3-pedalis,
758 838 946 872 involucra
967 844 1001 873 et,
1022 839 1241 874 involucella
1268 841 1318 874 eis
1346 840 1586 883 praecedentis
1605 842 1719 876 multo
1748 853 1876 887 angus-

317 885 388 919 tius
410 884 699 927 membranacea,
719 885 937 928 niericarpia
955 887 976 919 2
997 886 1111 920 lineas
1131 894 1269 920 tantum
1290 887 1409 931 longa.

279 1057 287 1073 ,
324 1025 643 1075 smyrnium
665 1024 962 1075 apiifolium
980 1038 987 1065 :
1008 1037 1082 1077 pro
1103 1031 1275 1066 auctore
1290 1026 1412 1078 huJus
1433 1027 1583 1078 speciei
1604 1027 1693 1068 loeo
1711 1028 1872 1076 (Willd.

302 1076 421 1129 Spec.
458 1077 491 1125 I,
527 1090 568 1130 p.
607 1080 726 1128 1468)
758 1089 866 1130 pone
898 1078 1094 1130 ‹sm-eng.
1125 1078 1236 1131 Syst.
1266 1079 1299 1123 Ι,
1328 1091 1369 1131 p.
1404 1080 1514 1130 891).
1547 1081 1591 1121 S.
1628 1079 1875 1133 apivfolium

301 1130 442 1171 Willd.
474 1136 516 1171 et
545 1130 663 1171 herb.
686 1136 750 1171 est
781 1131 823 1172 S.
861 1130 1111 1172 Olusatrmn
1131 1131 1201 1171 L.!
1227 1130 1493 1184 Synonymon
1520 1133 1726 1174 Anosmz‘a
1753 1134 1875 1176 Idoea

299 1183 456 1224 Bernh.
492 1195 656 1236 quoque
683 1183 921 1229 delendum,
951 1196 1045 1224 nam
1074 1184 1219 1236 planta
1253 1197 1277 1224 a
1309 1185 1359 1226 cl.
1396 1185 1631 1226 Bernhardi
1664 1185 1873 1239 descripta

300 1236 399 1277 nihil
423 1237 498 1277 nisi
527 1236 649 1278 Comi
675 1236 878 1277 maczdati
906 1237 1053 1277 forma.
1079 1236 1248 1288 (Omnia
1275 1237 1363 1278 haec
1384 1250 1432 1278 ex
1454 1240 1554 1279 nota
1568 1239 1619 1279 cl.
1638 1238 1870 1281 Ascherson

298 1290 339 1330 in
360 1289 456 1330 Bot.
479 1289 585 1330 Zeit.
613 1293 727 1337 1880,
750 1301 791 1341 p.
818 1292 898 1340 18).

321 1442 696 1492 Smyrniopsis
721 1442 948 1492 Syriaca
970 1455 978 1482 :
1003 1454 1051 1482 ex
1071 1442 1122 1482 el.
1142 1442 1302 1495 Peyron
1319 1443 1388 1495 qui
1403 1442 1564 1484 fruetus
1578 1444 1701 1496 hujus
1715 1445 1871 1497 plantae

298 1506 427 1547 prope
477 1502 617 1535 ontem
644 1494 815 1535 Akoura
844 1507 868 1535 a
894 1495 944 1535 el.
975 1494 1153 1536 Mouehe
1186 1495 1314 1536 lectos
1344 1496 1583 1537 observavit
1612 1509 1693 1538 non
1727 1498 1872 1550 Smyr-

300 1547 435 1589 ›ziOJSi
470 1547 519 1598 is,
554 1547 627 1588 sed
662 1547 928 1601 Opopccmwis
960 1549 1118 1600 species
1153 1554 1217 1590 est
1251 1561 1259 1589 :
1300 1548 1348 1590 Ο.
1384 1549 1567 1602 Syriaca
1599 1551 1867 1592 nominanda.

298 1601 346 1641 Vi
381 1613 403 1641 e
420 1600 528 1641 infra
548 1613 588 1653 p.
612 1604 704 1641 271.

274 1772 282 1788 ,
317 1739 841 1791 Hippomarathrum
863 1739 1169 1788 cristatum,
1193 1738 1301 1780 adde
1323 1751 1331 1779 :

354 1826 449 1860 Hab.
470 1827 505 1860 in
526 1826 667 1860 olivetis
687 1826 812 1860 insulae
834 1826 1083 1870 Cephalloniae
1102 1826 1148 1860 ad
1169 1826 1354 1870 Argostoli
1378 1826 1562 1869 (Heldr.!).

347 1927 384 1978 β.
417 1923 739 1977 σῖιιείοσανριωη.
765 1947 814 1951 -
847 1923 1100 1976 Mericarpia
1132 1923 1185 1964 ad
1224 1923 1449 1965 valleeulas
1486 1928 1530 1965 et
1561 1923 1667 1976 juga
1703 1924 1868 1976 papillis

294 1977 428 2029 longis
449 1976 642 2018 flexuosis
662 1976 767 2017 albis
788 1976 1072 2018 setiformibus
1093 1976 1303 2018 echinata.

352 2047 445 2082 Hah.
466 2049 500 2081 in
522 2048 619 2091 agris
639 2047 784 2082 incultis
803 2047 931 2082 insulae
951 2047 1071 2082 Rhodi
1091 2058 1206 2091 prope
1226 2047 1385 2081 Trianda
1407 2047 1553 2091 (Bourg.
1566 2046 1600 2090 !).

312 2191 377 2230 H.
402 2189 678 2237 Boissieri,
702 2188 810 2230 adde
833 2202 840 2230 :

350 2277 443 2311 Hab.
465 2278 499 2311 in
520 2277 709 2310 maritimis
730 2276 858 2310 insulae
886 2277 995 2321 Cypri
1022 2276 1068 2310 ad
1086 2276 1254 2310 Larnaca
1276 2277 1378 2311 (Sint.
1401 2281 1436 2310 et
1453 2276 1545 2320 Rigo
1566 2275 1632 2311 sub
1653 2276 1703 2310 Η.
1722 2276 1865 2321 crispo),

303 2325 338 2359 in
360 2325 467 2359 cultis
487 2324 617 2358 Libani
638 2323 826 2358 orientalis
846 2334 961 2367 prope
982 2323 1100 2358 lacum
1121 2323 1284 2358 Tamana
1305 2323 1553 2367 (Schweinf.!).

306 2462 401 2507 post
423 2455 671 2505 Pranqos
692 2454 1127 2494 Arois-Romanae
1148 2454 1309 2494 insere:

345 2541 404 2580 P.
442 2540 665 2591 Bunqei,
704 2539 972 2591 glaber-rima,
1015 2538 1133 2580 caule
1166 2539 1280 2579 tenui
1314 2537 1550 2579 dichotome
1581 2538 1864 2579 ramosissimo

289 2592 415 2640 nudo,
445 2592 551 2633 foliis
577 2592 769 2633 omnibus
801 2591 1054 2633 radicalibus
1089 2591 1254 2644 petiolis
1287 2591 1420 2643 longis
1447 2591 1538 2632 basi
1565 2591 1863 2642 vaginantibus

287 2645 468 2686 suffultis
489 2646 689 2686 ternatim
710 2645 1057 2704 tripinnatiseetis
1077 2644 1286 2704 petiolulis
1307 2644 1491 2685 omnium
1516 2643 1706 2684 ordinum
1729 2644 1862 2685 tenui-

286 2699 365 2739 bus
401 2699 621 2750 elongatis,
654 2698 813 2739 laciniis
851 2698 1037 2738 tenuiter
1070 2697 1332 2738 nliformibus
1367 2696 1637 2745 abbreviatis,
1669 2696 1861 2737 umbellis

288 2751 566 2800 3-5-radiatis,
601 2751 838 2792 umbellulis
867 2750 1081 2801 3-5-fi01is,
1112 2750 1324 2791 involucro
1352 2749 1691 2801 involueellisque
1720 2749 1858 2797 nullis,

286 2804 498 2857 pedieellis
519 2803 619 2845 flore
640 2805 802 2844 minuto
822 2804 888 2844 vix
908 2803 1180 2855 longioribus,
1199 2803 1350 2855 petalis
1371 2802 1529 2854 glabris
1549 2801 1681 2850 flavis,
1699 2801 1860 2842 fructos

287 2857 538 2909 (immaturi)
558 2857 672 2909 parvi
693 2857 878 2897 breviter
898 2857 1009 2897 ovati
1025 2856 1138 2908 jugis
1159 2856 1199 2896 in
1222 2856 1309 2896 alas
1330 2860 1531 2907 angustas
1552 2854 1860 2896 subundulatas

285 2911 493 2963 expansis,
517 2910 633 2950 vittis
654 2910 695 2950 in
717 2909 928 2950 valleculis
948 2910 1112 2961 magnis
1133 2908 1330 2950 solitariis
1357 2912 1415 2954 Ql.

343 2980 435 3015 Hab.
462 2981 497 3014 in
524 2981 696 3014 montosis
723 2990 823 3024 prov.
846 2980 1058 3014 Khorassan
1088 2980 1221 3014 Persiae
1251 2980 1344 3014 inter
1373 2979 1563 3023 Nichapur
1594 2985 1629 3014 et
1661 2977 1858 3013 Meschhed

297 3028 444 3072 (Bge.!).
