2094 3351
233 256 302 292 304
970 270 1187 296 comosum.
1714 263 1906 312 Echinops.

232 337 303 372 Pag.

232 393 325 439 427,
359 392 631 443 Echinops
651 393 1032 444 glaberrimus,
1055 394 1164 436 adde
1186 407 1194 436 :

395 481 431 532 β.
464 478 725 532 corniyerets.
747 503 799 508 —
819 479 1028 521 Foliorum
1050 486 1268 533 segmenta
1288 482 1617 536 parenchymate
1642 483 1728 525 fere
1748 486 1915 526 omnino

343 530 547 590 destituta
569 533 608 572 in
630 533 771 591 spinas
793 533 938 585 longas
959 539 1106 575 tenues
1128 547 1152 575 a
1172 534 1260 575 basi
1294 536 1467 587 partita,
1503 537 1689 589 capitula
1719 537 1842 590 longe
1873 542 1916 579 et

341 594 504 636 copiose
526 596 757 637 cornigera.

398 655 490 688 Hab.
513 655 559 689 ad
581 655 697 689 Ouadi
720 657 836 700 Righe
854 663 889 691 et
911 657 1027 692 Onadi
1044 657 1126 692 Abu
1141 657 1283 693 Hamad
1299 658 1433 694 deserti
1449 659 1599 694 Arabici
1614 660 1767 705 AEgypti
1786 660 1912 695 mediae
1929 699 1931 702 ,

353 702 556 743 (Schweinf.
578 713 652 737 exs.
674 705 735 737 88!
755 710 790 738 et
808 706 921 743 2342).

230 829 322 873 429,
357 828 412 867 E.
437 828 708 879 spinosus,
729 829 838 871 adde
861 844 869 871 :

397 915 490 949 Hab.
512 917 547 950 in
570 924 690 952 monte
711 918 992 964 Pentadactylos
1011 919 1120 964 Cypri
1143 921 1246 963 (Sint.
1265 926 1302 955 et
1321 920 1414 965 Rigo
1433 922 1546 965 7901).
1561 921 1748 966 Specimen
1765 923 1912 967 Syriaco

349 972 370 996 a
390 974 446 997 me
467 963 549 997 olim
572 964 666 999 lecto
688 966 814 1000 simile.

229 1093 321 1138 429,
357 1092 411 1131 Ε.
434 1092 686 1134 viscosus
706 1095 843 1135 variat
863 1095 1057 1147 capitulis
1078 1096 1242 1148 copiose
1263 1097 1505 1149 cornigeris.

396 1181 489 1215 Hah.
507 1182 542 1216 in
569 1183 709 1217 Libano
741 1184 819 1218 loco
846 1195 917 1218 non
944 1190 1070 1219 notato
1094 1185 1299 1228 (Schweins.
1317 1187 1385 1220 970
1396 1186 1430 1229 Ι)

388 1263 424 1314 β.
459 1262 794 1322 maurolepz's3—
814 1262 1022 1304 Involucri
1048 1263 1190 1317 phylla
1217 1265 1469 1306 intermedia
1496 1277 1606 1318 saepe
1636 1269 1755 1308 15-18
1782 1266 1912 1308 lineas

334 1312 458 1365 longa
479 1320 522 1355 et
540 1314 634 1356 ideo
655 1316 882 1368 capltulum
903 1317 1038 1369 majus
1060 1317 1266 1359 diametro
1287 1321 1310 1359 3
1328 1318 1608 1371 ¹s2-pollicare.

395 1386 486 1419 Hab.
505 1387 539 1420 in
562 1386 700 1420 Libano
718 1398 833 1431 prope
853 1387 973 1422 Abeih
995 1393 1029 1422 et
1053 1388 1232 1424 Schthora
1251 1388 1455 1432 (Schweinf.
1486 1391 1571 1425 968!
1597 1395 1632 1425 et
1658 1390 1771 1435 9692),
1797 1401 1912 1435 prope

347 1433 526 1467 Bscherre
543 1433 624 1478 (ΚΥ.
646 1436 757 1475 76οΕ).

226 1562 318 1607 440,
354 1560 408 1599 E.
433 1560 882 1612 microcephalus,
906 1560 1016 1602 adde
1039 1573 1047 1602 ε

393 1648 487 1682 Hab.
508 1649 544 1682 in
564 1649 737 1693 Bithynia
757 1649 852 1683 circa
873 1649 1070 1684 Broussam
1093 1649 1222 1693 (Pichl.
1235 1650 1267 1693 !).

393 1714 511 1757 Hujus
529 1713 646 1748 forma
665 1714 900 1758 glabrescens
921 1725 987 1749 nec
1007 1715 1145 1758 species
1166 1715 1337 1750 distincta
1356 1715 1500 1750 videtur
1521 1716 1567 1750 E.
1589 1715 1761 1752 dumosus
1786 1716 1913 1751 Paucis

346 1761 381 1794 in
401 1761 528 1796 Sched.
549 1762 584 1796 in
606 1762 748 1796 collinis
768 1761 903 1797 Serbiae
925 1762 1174 1797 meridionalis
1195 1763 1382 1798 collectus.

394 1825 459 1860 Ar.
483 1824 625 1869 Geogr.
645 1826 784 1862 Serbia.

226 1983 319 2027 441,
353 1979 406 2020 ad
427 1979 583 2021 calcem
605 1980 769 2032 generis
790 1980 1063 2032 Echinops
1083 1981 1221 2022 insere
1244 1993 1252 2021 :

804 2107 969 2162 Species
989 2122 1071 2150 non
1092 2109 1199 2150 satis
1219 2111 1334 2150 nota.

389 2223 444 2261 E.
470 2221 697 2261 Ossicus
724 2220 790 2272 (C.
814 2220 931 2261 Koch
958 2219 1081 2261 Linn.
1104 2220 1258 2268 XXIV,
1287 2232 1329 2272 p.
1358 2220 1453 2271 380)
1484 2220 1770 2273 lanuginosus,
1794 2220 1912 2262 caule

333 2278 473 2316 erecto
502 2274 663 2315 sulcato
691 2286 871 2326 superne
899 2284 1065 2314 ramoso
1098 2274 1225 2314 ramis
1256 2285 1387 2325 usque
1415 2273 1492 2314 sub
1519 2273 1712 2325 capitulis
1739 2272 1908 2322 foliatis‚

331 2328 440 2369 foliis
460 2328 624 2379 magnis
645 2339 773 2379 supra
797 2326 983 2379 pilosulis
1009 2326 1159 2368 subtus
1191 2325 1319 2367 dense
1347 2326 1719 2378 albo-lanuginosis
1750 2326 1911 2367 ambitu

333 2380 716 2432 cordato-oblongis
753 2380 931 2420 sinuatis
970 2380 1034 2420 vel
1071 2379 1389 2431 pinnatilobatis
1430 2379 1536 2421 lobis
1580 2379 1910 2430 triangularibus

332 2434 524 2486 margine
551 2438 712 2474 remote
740 2433 978 2485 spinulosis,
1008 2431 1114 2473 foliis
1140 2444 1351 2473 ramorum
1373 2431 1810 2473 cordato-lanceolatis
1830 2433 1911 2484 spi-

333 2486 672 2535 noso—dentatis,
714 2486 909 2538 capitulis
950 2485 1252 2533 mediocribus,
1294 2485 1495 2526 involucri
1539 2484 1690 2538 phyllis
1729 2485 1911 2526 externis

332 2540 588 2582 abbreviatis
608 2539 863 2592 spathulatis
881 2538 1337 2591 fimbriato-pectinatis
1357 2539 1399 2579 in
1421 2538 1633 2590 cuspidem
1655 2537 1910 2579 fimbriatam

332 2593 579 2642 attenuatis,
600 2593 727 2645 pappi
748 2592 849 2633 setis
868 2592 909 2632 in
931 2603 1125 2632 coronam
1148 2591 1234 2633 fere
1254 2592 1421 2632 omnino
1443 2591 1648 2632 concretis
1676 2594 1734 2637 Qi.

361 2665 486 2747 NHab.
502 2665 698 2756 {lnfssetia
713 2664 864 2699 Caucasi
883 2664 1057 2699 centralis
1071 2665 1106 2698 in
1122 2664 1308 2699 schistosis
1327 2669 1361 2698 et
1377 2663 1554 2698 calcareis
1568 2664 1711 2697 3—5000'
1725 2663 1776 2706 (C.
1791 2662 1909 2706 Koch)

348 2716 355 2740 (
398 2724 442 2747 on
464 2714 496 2747 vi
526 2713 535 2747 i
556 2740 562 2746 .

391 2778 597 2821 Descriptio
624 2778 729 2811 nimis
755 2776 987 2820 incompleta.
1006 2775 1063 2810 Ab
1085 2782 1234 2810 auctore
1263 2786 1341 2810 cum
1367 2779 1414 2810 Ε.
1432 2775 1661 2820 platylepide
1687 2780 1721 2809 et
1746 2774 1792 2809 Ε.
1815 2774 1911 2809 exal-

345 2830 423 2860 tato
441 2830 686 2869 comparatur.
707 2825 806 2859 Inter
827 2824 966 2868 species
987 2824 1157 2858 sectionis
1178 2824 1204 2858 I.
1222 2823 1393 2858 Ritrodes
1408 2823 1571 2857 militare
1590 2821 1744 2856 videtur.

225 2961 317 3005 445,
350 2956 784 2997 Xeranthemum
804 2956 1132 3007 inapertum‚
1156 2954 1266 2996 adde
1289 2967 1297 2994 :

390 3028 484 3063 Hab.
506 3029 540 3062 in
559 3033 680 3062 monte
700 3027 984 3072 Pentadactylos
1003 3026 1110 3071 Cypri
1133 3027 1234 3069 (Sint.
1259 3031 1294 3061 et
1313 3026 1404 3070 Rigo
1425 3027 1511 3060 547!
1535 3025 1600 3060 sub
1625 3025 1672 3059 X.
1693 3024 1909 3069 squarroso).
