2115 3250
216 233 507 280 Chaerophyllum.
915 245 1188 269 unammmnae.
1817 235 1886 269 ⁹259

213 313 285 347 Pag.

322 366 462 407 radice
488 367 698 414 tuberosa,
731 366 848 407 caule
881 365 990 406 infra
1019 366 1146 407 nodos
1179 366 1339 406 tumido
1370 365 1530 406 inferne
1564 367 1656 418 pilis
1691 370 1884 410 reti-orsis

322 419 483 471 hispido
503 431 680 471 superne
698 419 856 470 glabro,
875 418 981 459 foliis
999 418 1262 459 inferioribus
1270 450 1366 466 ......
1386 418 1557 459 caulinis
1576 420 1720 461 mediis
1736 421 1884 462 subtus

321 471 374 512 ad
410 483 556 512 nervos
588 483 712 523 parce
744 471 961 523 hispidulis
994 471 1035 511 in
1067 476 1283 522 segmenta
1315 475 1438 511 ovata
1473 476 1597 512 acuta
1626 473 1718 524 plus
1748 474 1885 515 minus

321 524 631 565 inciso-serrata
657 524 854 564 ternatim
888 523 1235 574 bipinnatisectis,
1272 523 1530 575 superiorum
1564 526 1724 575 vaginis
1761 526 1886 578 hispi-

323 576 429 616 dulis
457 576 521 617 vel
550 576 698 616 ciliatis
737 576 894 616 laciniis
933 576 1173 624 linearibus,
1211 576 1447 616 umbellulae
1486 576 1656 617 fioribus
1694 579 1885 619 omnibus

321 627 559 676 fructiferis,
582 628 814 669 involucelli
830 628 980 680 phyllis
1001 629 1134 668 ovatis
1149 629 1233 669 late
1252 628 1582 669 membranaceis
1598 630 1746 671 ciliatis
1764 631 1886 683 longe

321 681 590 728 mucronatis,
613 681 762 733 petalis
783 681 888 722 albis
909 680 1079 732 glabris,
1103 680 1241 721 fructu
1263 681 1522 732 (immaturo)
1541 682 1686 730 glabro
1707 689 1886 735 anguste

320 733 479 781 lineari,
501 733 618 786 stylis
640 734 788 774 erectis
809 733 1043 786 stylopodia
1062 733 1234 774 ovoidea
1253 734 1570 784 submarginata
1597 735 1660 775 bis
1687 748 1886 787 superan-

321 786 432 826 tibus
455 789 517 834 (2).

378 855 470 890 Hab.
491 856 527 889 in
548 856 714 890 districtu
734 855 933 890 Achalzich
953 856 1248 890 Transcaucasiae
1269 856 1424 899 (Radde)
1449 858 1540 893 (Non
1564 857 1661 895 vidi).

379 919 583 962 Descriptio
601 919 707 953 valde
728 919 945 963 incompleta
962 929 1028 953 nec
1046 918 1204 954 affinitas
1223 919 1395 954 indicata.

211 1050 305 1096 912,
337 1049 662 1089 Anthriscus
680 1049 944 1101 vulgaris,
968 1049 1077 1090 adde
1099 1062 1107 1090 :

378 1136 469 1170 Hab.
491 1137 526 1170 in
547 1137 693 1181 regione
712 1136 830 1171 media
850 1137 982 1170 montis
1002 1137 1128 1171 Pelion
1148 1137 1347 1172 Thessaliae
1367 1137 1507 1181 (Heldr.
1521 1139 1555 1181 !).

209 1282 302 1328 924,
334 1284 428 1332 post
448 1292 577 1332 genus
601 1281 1176 1332 Eleutherospermum
1196 1281 1333 1322 insere
1357 1294 1365 1322 ε

273 1415 782 1465 PLEUROSPERMUM
808 1415 985 1482 (Hoffm.
1013 1416 1136 1466 Umb.
1168 1418 1209 1466 8.
1242 1447 1301 1452 —
1328 1415 1672 1483 Hymenoloena
1703 1417 1824 1483 DQ).

369 1566 531 1619 Calycis
559 1566 705 1608 dentes
724 1567 874 1608 minuti
895 1567 958 1608 vel
979 1567 1095 1608 nulli.
1118 1567 1266 1609 Petala
1285 1568 1381 1609 alba
1396 1568 1459 1609 vel
1479 1581 1690 1621 purpurea
1706 1570 1887 1611 obovata

315 1620 379 1661 vel
399 1623 578 1661 cuneata
597 1620 765 1672 integra
784 1620 848 1661 vel
877 1621 1140 1672 emarginata
1160 1621 1350 1662 acumine
1374 1621 1490 1662 brevi
1517 1621 1681 1665 inflexo
1706 1622 1886 1664 Fructus

317 1676 464 1713 ovatus
484 1676 596 1714 teres
616 1673 682 1714 vel
702 1685 726 1713 a
751 1673 884 1714 latere
903 1673 1245 1725 subcompressus
1268 1674 1540 1715 commissura
1561 1675 1662 1715 lata.
1687 1675 1885 1717 Mei-icar-

315 1726 384 1778 pia
405 1725 526 1766 dorso
541 1725 663 1766 valde
682 1737 864 1766 convexa
881 1726 1090 1778 epicarpio
1111 1727 1286 1779 simplici
1307 1727 1371 1767 vel
1399 1727 1550 1779 duplici
1579 1732 1620 1768 et
1646 1733 1746 1770 tunc
1773 1733 1886 1770 exte-

316 1779 425 1818 riore
444 1777 589 1819 inflato
604 1778 718 1830 jugis
739 1779 920 1830 quinque
937 1779 1108 1820 tumidis
1128 1779 1192 1820 vel
1213 1779 1335 1820 alatis
1355 1780 1552 1820 interiore
1572 1781 1719 1822 semini
1747 1781 1887 1823 adhae-

317 1834 437 1871 rente
451 1831 564 1883 Jugis
592 1834 614 1872 5
642 1831 887 1872 minoribus.
910 1831 1134 1873 Valleculae
1164 1832 1254 1872 uni-
1279 1833 1413 1873 rarius
1445 1833 1737 1884 pluri-vittatae
1769 1835 1886 1875 vittis

316 1884 660 1935 superficialibus.
685 1882 929 1936 Stylopodia
950 1884 1144 1937 depresse
1171 1885 1327 1926 conica.
1350 1885 1555 1926 Albumen
1587 1887 1700 1927 intus
1727 1887 1886 1928 involu-

315 1939 406 1977 tum
437 1937 658 1977 sulcatum.
681 1960 733 1965 -—
752 1936 906 1978 Herbae
929 1949 1132 1989 perennes
1153 1938 1274 1979 elatae
1295 1937 1401 1978 foliis
1427 1939 1690 1980 multisectis.
1716 1939 1884 1992 Species

315 1989 380 2029 hic
413 1993 668 2031 enumeratae
696 1989 750 2030 ad
776 2002 946 2042 gregem
976 1990 1232 2031 involucellis
1258 1991 1405 2042 amplis
1431 1992 1760 2033 membranaceis
1788 1993 1884 2034 insi-

317 2054 441 2094 gnem
462 2042 810 2095 Hymenolaenam
830 2056 898 2084 Dc.
922 2042 1248 2084 adnumerandae
1268 2048 1381 2085 sunt.

373 2163 432 2201 P.
454 2163 886 2213 corydalifolium
915 2163 1070 2215 (Aitch.
1100 2168 1142 2204 et
1168 2164 1328 2205 Hemsl.
1358 2165 1399 2205 in
1432 2164 1571 2205 Aitch.
1606 2165 1700 2206 Cat.
1735 2165 1884 2207 Journ.

315 2215 436 2256 Linn.
478 2214 570 2256 Soc.
607 2216 764 2266 XVIII)
803 2216 1118 2268 glaberrimum,
1153 2217 1271 2258 caule
1309 2222 1448 2258 erecto
1481 2230 1580 2259 cavo
1610 2218 1882 2271 subsimplici,

315 2267 422 2308 foliis
459 2268 712 2310 radicalibus
758 2268 881 2320 longe
923 2269 1135 2321 petiolatis
1173 2270 1335 2311 ambitu
1372 2271 1561 2322 oblongis
1605 2271 1752 2323 amplis
1798 2275 1885 2313 2-3-

315 2321 603 2373 pinnatisectis
641 2323 869 2373 segmentis
901 2322 1036 2362 ultimi
1069 2321 1226 2363 ordinis
1260 2328 1439 2374 anguste
1469 2324 1657 2375 oblongis
1695 2325 1884 2366 cuneatis

316 2374 573 2414 acutiuscule
616 2373 737 2422 fissis,
778 2375 1061 2427 superioribus
1098 2375 1219 2416 valde
1259 2375 1473 2417 diminutis
1515 2377 1666 2428 vagina
1705 2377 1885 2430 oblonga

318 2426 637 2467 membranacea
653 2426 848 2476 suffultis,
869 2427 1052 2468 umbella
1068 2428 1333 2476 3-7-1adiata,
1352 2429 1551 2469 involucri
1566 2430 1884 2482 involucellique

315 2479 465 2531 phyllis
486 2480 617 2520 ovatis
639 2480 786 2532 amplis
807 2480 1252 2522 albo-membranaceis
1273 2482 1447 2533 integris
1477 2482 1700 2533 pedicellos
1733 2482 1882 2524 florum

315 2532 624 2583 superantibus,
648 2532 807 2573 fructus
828 2533 1042 2574 immaturi
1057 2533 1171 2586 jugis
1191 2534 1399 2586 primariis
1421 2534 1543 2575 alatis
1571 2538 1628 2582 ⁸21.

329 2649 339 2693 (
375 2602 467 2636 Hab.
487 2604 523 2636 in
542 2603 683 2646 alpibus
701 2604 807 2638 vallis
832 2604 967 2638 Kuram
990 2604 1195 2648 Affghaniae
1216 2605 1393 2648 Sikaram‚
1414 2605 1600 2650 Shendtoi,
1626 2611 1694 2641 etc.
1719 2607 1884 2641 9-14000‘

346 2650 463 2683 Aitch.
481 2651 548 2684 953
561 2650 595 2694 ι).

376 2713 511 2748 Pedale
529 2715 585 2748 vel
607 2714 747 2749 elatius.
770 2715 890 2749 Affine
908 2715 950 2749 P.
964 2716 1203 2762 stellatQ‘var.
1222 2716 1457 2760 Lindleyano
1477 2717 1619 2761 Clarke,
1641 2718 1703 2752 sed
1720 2718 1885 2753 omnibus

330 2760 494 2804 partibus
512 2762 639 2805 majus,
660 2762 801 2796 laciniae
822 2762 990 2796 foliorum
1012 2763 1172 2806 latiores,
1192 2763 1410 2797 involucella
1432 2764 1627 2799 dissimilia.

371 2878 428 2916 P.
453 2878 742 2928 pulchrum
772 2878 927 2929 (Aitch.
951 2883 994 2919 et
1013 2878 1173 2920 Hemsl.
1196 2879 1273 2920 loc.
1297 2880 1367 2921 cit.
1398 2884 1440 2921 et
1460 2879 1572 2929 XIX,
1597 2881 1685 2922 tab.
1712 2881 1777 2933 12)
1795 2881 1884 2933 gla-

316 2930 557 2978 berrimum,
583 2930 700 2971 caule
720 2930 850 2972 solido
871 2931 981 2972 elato
999 2944 1178 2981 ramoso,
1202 2932 1308 2973 foliis
1326 2932 1588 2974 inferioribus
1609 2933 1732 2985 longe
1750 2935 1882 2986 petio-

318 2982 413 3023 latis
439 2982 599 3024 ambitu
625 2983 813 3034 oblongis
839 2984 880 3024 in
907 2988 1124 3035 segmenta
1152 2984 1352 3026 rhombea
1380 2985 1628 3037 pinnatifida
1654 2986 1882 3039 bipinnati-
