2094 3351
200 265 269 301 220

201 347 270 380 Peg.

944 274 1126 299 nosAcsAE.
1769 261 1870 296 Rosa.

357 401 422 438 29.
455 398 475 421 *
494 399 551 437 R.
576 397 730 436 ferox
756 395 833 447 (M.
861 395 911 436 B.
939 395 1219 437 Taur.-Cauc.
1241 395 1318 443 ΙΙΙ,
1348 394 1442 446 339)
1463 394 1602 436 frutex
1620 395 1682 435 uti
1708 393 1874 435 videtur

307 450 473 491 humilis
495 449 647 490 densus
666 448 787 489 valde
805 447 1148 497 heteracanthus‚
1171 447 1324 489 aculeis
1345 447 1492 488 validis
1513 447 1685 488 aduncis
1705 446 1873 487 aciculis

305 502 560 543 brevissimis
580 500 836 552 glandulosis
856 501 1038 541 ramulos
1058 512 1278 552 ramosque
1298 500 1465 541 densius
1486 500 1669 540 laxiusve
1694 499 1873 551 tegenti-

305 556 383 596 bus
402 555 557 602 mixtis,
580 553 890 606 microphyllus‚
913 553 1060 594 foliolis
1082 557 1147 594 5-7
1167 553 1247 593 late
1262 553 1396 593 ovatis
1411 565 1485 593 seu
1499 552 1740 593 orbiculatis
1787 551 1874 592 lan-

307 607 689 648 duloso-biserratis
708 605 864 657 glabris
884 606 1081 657 utrinque
1101 605 1355 657 glandulosis
1382 606 1397 656 (
1431 604 1609 646 landulis
1628 616 1756 656 supra
1775 604 1874 645 olia-

306 660 420 700 ribus
440 659 537 700 hinc
556 658 653 699 inde
672 659 862 710 sparsis),
885 658 1049 710 petiolis
1070 658 1226 709 glabris
1246 657 1367 699 valde
1383 670 1408 709 g
1427 657 1638 698 andulosis
1657 656 1872 705 aculeatis,

306 712 477 753 floribus
502 711 699 752 solitariis
731 712 865 752 rarius
898 710 1151 762 corymbosis
1177 711 1361 751 breviter
1392 709 1684 762 pedunculatis
1719 709 1873 761 parvis,

306 764 540 817 pedunculo
560 763 824 815 receptaculo
851 768 973 804 ovato
999 764 1224 804 constricto
1254 763 1458 815 dorsoque
1485 762 1722 814 sepalorum
1749 761 1814 802 his
1845 762 1876 802 i-

308 817 370 858 dis
404 816 896 869 glanduloso-puberulis,
928 816 1080 867 sepalis
1113 814 1370 867 pinnatifidis
1402 814 1701 867 appendicibus
1731 815 1790 855 eis
1867 846 1875 854 .

308 869 557 910 micrantlzae
574 869 885 961 angustioribus
903 867 1065 909 reflexis
1084 868 1284 916 deciduis,
1303 868 1453 920 petalis
1475 868 1542 917 (ex
1557 868 1682 909 beato
1696 867 1878 908 Boissier

308 922 335 963 l.
358 933 412 970 c.‚
434 935 476 974 p.
495 921 589 973 687)
614 934 638 961 a
656 921 719 962 bis
740 921 828 962 basi
852 920 1156 970 flavicantibus,
1175 921 1293 974 stylis
1315 920 1471 973 glabris
1484 920 1695 968 brevibus,
1711 919 1878 961 urceolo

310 974 562 1033 subgloboso
588 974 739 1026 sepalis
760 973 977 1015 destituto.

368 1044 461 1078 Hah.
483 1045 523 1078 In
553 1043 706 1078 collibus
731 1044 874 1078 Tauriae
897 1043 1022 1078 merid.
1046 1044 1099 1078 uti
1127 1043 1271 1078 videtur
1300 1054 1371 1077 non
1399 1043 1607 1086 infrequens
1639 1053 1704 1077 nec
1729 1041 1817 1076 alibi
1843 1042 1880 1076 in

322 1092 469 1126 Oriente
489 1097 647 1134 reperta,
664 1091 730 1124 nisi
752 1090 847 1125 forte
867 1091 902 1124 in
921 1091 1094 1124 Anatolia
1113 1090 1244 1134 (Wied.
1266 1101 1310 1125 ex
1331 1091 1434 1134 Crep.
1456 1090 1564 1124 Prim.
1585 1090 1628 1133 V,
1649 1089 1743 1133 506).

370 1155 479 1198 Stylis
512 1154 650 1198 glabris
680 1154 886 1197 sepalisque
917 1153 1077 1188 deciduis
1107 1154 1151 1188 R.
1181 1154 1391 1188 micranthoe
1421 1159 1520 1188 recte
1552 1158 1719 1187 monente
1748 1153 1879 1196 Crepin

325 1202 446 1243 [Prim.
464 1201 507 1244 V,
522 1201 602 1243 505)
620 1201 795 1244 proxima,
815 1201 877 1235 sed
892 1201 1180 1244 heteracanthia,
1202 1200 1337 1235 foliolis
1351 1211 1461 1244 supra
1475 1200 1700 1244 glandulosis
1715 1200 1879 1243 minimis,

324 1250 466 1282 statura
488 1248 615 1282 humili
635 1248 681 1281 ad
699 1248 743 1282 R.
763 1248 985 1292 ylutinosam
1005 1248 1193 1282 accedens.

370 1312 509 1346 Burnat
531 1317 565 1345 et
592 1311 727 1345 Gremli
748 1311 845 1354 (Ros.
873 1311 933 1346 Or.
954 1311 1062 1355 ined.)
1083 1311 1130 1346 R.
1153 1312 1267 1354 feroci
1293 1311 1474 1355 specimen
1494 1321 1516 1344 a
1534 1310 1680 1345 Pichler
1700 1321 1754 1354 pr.
1775 1310 1882 1345 Brus-

325 1369 399 1392 sam
429 1359 609 1403 Bithyniae
638 1358 703 1392 sub
734 1369 766 1391 n.
795 1360 863 1392 237
891 1358 1022 1392 lectum
1048 1358 1289 1392 adnumerant
1312 1358 1461 1392 ramulis
1490 1358 1638 1392 aciculis
1663 1357 1882 1392 brevissimis

326 1406 533 1448 pustulatis,
555 1405 657 1449 stylis
681 1405 819 1448 glabris
840 1406 1020 1449 eximium,
1041 1405 1104 1439 sed
1125 1411 1202 1439 toto
1223 1405 1350 1439 habitu
1370 1405 1525 1439 maxime
1544 1404 1590 1438 ad
1609 1405 1656 1439 R.
1675 1404 1885 1448 Seraphinii

326 1453 405 1486 Viv.
428 1460 490 1486 aut
508 1452 663 1487 Siculam
687 1452 838 1486 accedit.
869 1452 959 1486 Mihi
981 1452 1060 1486 haec
1091 1452 1208 1486 forma
1237 1462 1308 1486 non
1333 1452 1424 1486 adeo
1451 1452 1576 1495 liquet,
1606 1456 1645 1485 ut
1673 1457 1782 1486 certae
1811 1452 1882 1486 cui-

325 1510 431 1542 quam
452 1500 584 1543 speciei
605 1499 807 1533 attribuere
827 1499 992 1534 audeam.

367 1659 431 1696 30.
466 1657 524 1695 R.
547 1655 849 1707 asperrima
870 1655 1028 1706 (Godet
1047 1656 1087 1696 in
1118 1655 1251 1696 Boiss.
1273 1655 1336 1696 Fl.
1366 1655 1439 1697 Or.
1467 1655 1522 1704 ΙΙ,
1552 1654 1646 1707 678)
1675 1660 1766 1697 tota
1798 1656 1886 1708 gla-

312 1708 495 1748 berrima
519 1708 660 1748 rorida
690 1707 905 1756 fruticosa,
934 1708 1088 1749 aculeis
1117 1720 1140 1749 e
1164 1708 1255 1749 basi
1283 1708 1444 1749 modice
1473 1707 1651 1749 dilatata
1678 1709 1884 1761 elongatis

312 1760 459 1801 validis
489 1761 730 1802 rectissimis
759 1772 832 1802 seu
853 1761 1112 1802 rectiusculis
1132 1761 1174 1801 in
1194 1761 1366 1802 ramulis
1394 1760 1597 1813 florigeris
1622 1761 1884 1803 creberrimis

315 1813 568 1853 tenuissimis
584 1813 848 1863 longissimis,
865 1813 939 1854 sed
953 1814 1123 1855 minime
1137 1815 1179 1854 in
1193 1813 1484 1855 indumentum
1499 1814 1706 1855 aciculare
1723 1813 1885 1856 decres-

315 1865 520 1914 centibus,
556 1865 703 1906 foliolis
734 1866 1065 1907 membranaceis
1098 1867 1351 1908 tenuissimis
1379 1870 1445 1908 5-7
1473 1867 1645 1907 remotis
1676 1867 1887 1908 terminali

314 1919 437 1970 longe
469 1918 715 1970 petiolulato
750 1920 1142 1960 ovato-acuminatis
1171 1920 1304 1970 21],-3
1336 1931 1415 1960 cm.
1456 1919 1591 1971 longis
1625 1919 1887 1972 glanduloso-

314 1971 531 2012 biserratis
566 1971 760 2012 dentibus
791 1971 987 2012 brevibus
1022 1972 1208 2020 minutis,
1242 1973 1398 2024 pagina
1429 1984 1478 2013 su
1510 1972 1644 2013 eriore
1677 1972 1886 2024 glandulis

316 2023 529 2064 sessilibus
563 2024 794 2064 numerosis
827 2025 1058 2076 asperrima
1089 2024 1283 2066 inferiore
1316 2024 1472 2077 glandu
1489 2025 1524 2066 is
1555 2025 1737 2066 minimis
1769 2025 1887 2066 oculo

316 2076 428 2117 nudo
465 2075 579 2117 haud
616 2077 847 2128 conspicuis
884 2077 966 2117 imo
1011 2077 1050 2117 in
1097 2076 1244 2118 foliolis
1287 2078 1493 2130 supremis
1533 2077 1657 2130 plane
1701 2078 1887 2119 evanidis

317 2129 531 2181 adspersa,
553 2127 718 2181 petiolis
745 2129 949 2170 levissime
975 2129 1187 2181 puberulis
1215 2130 1468 2182 glandulosis
1498 2130 1652 2171 aculeis
1681 2130 1888 2172 subulatis

316 2182 569 2234 longissimis
588 2182 630 2222 in
651 2194 805 2233 genere
830 2183 1009 2222 maxime
1039 2183 1270 2234 conspicuis
1297 2184 1485 2231 armatis,
1508 2183 1673 2235 stipulis
1697 2185 1887 2235 angustis

316 2235 389 2276 sed
424 2246 552 2286 supra
583 2234 704 2275 valde
736 2235 904 2287 lateque
940 2234 1267 2287 divergentibus,
1307 2235 1478 2277 floribus
1513 2236 1652 2288 parvis
1689 2236 1888 2278 solitariis

317 2287 551 2340 pedunculo
572 2288 711 2338 (10-13
727 2300 827 2328 mm.
851 2288 991 2340 longo)
1007 2288 1271 2339 receptaculo
1290 2288 1609 2340 sepalorumque
1629 2287 1751 2329 dorso
1772 2289 1888 2341 glan-

318 2340 684 2392 duloso-hispidiS‚
725 2340 876 2392 sepalis
915 2341 1105 2392 angustis
1143 2341 1361 2393 lineari-ap
1394 2341 1642 2382 endiculatis
1676 2341 1888 2383 interdum

317 2393 480 2434 luxuria
510 2392 707 2441 foliaceis‚
743 2393 897 2434 corolla
926 2395 1057 2446 parva
1090 2395 1254 2442 carnea,
1290 2398 1357 2446 sty
1375 2395 1409 2434 is
1439 2394 1636 2435 brevibus
1667 2393 1886 2446 laevigatis,

315 2446 481 2539 urqeolo
501 2446 752 2498 subgloboso
772 2446 923 2498 sepalis
943 2446 1098 2498 patulis
1126 2445 1305 2498 denique
1324 2447 1413 2487 sine
1434 2446 1559 2487 dubio
1586 2446 1753 2487 caducis
1775 2458 1890 2489 coro-

319 2511 372 2539 na
394 2510 431 2540 o.

377 2570 469 2604 Hah.
490 2571 525 2604 in
546 2571 693 2614 regione
713 2571 837 2614 alpina
866 2571 1039 2604 montium
1070 2570 1153 2604 Kuh
1179 2571 1256 2605 Nur
1275 2571 1410 2605 Persiae
1430 2576 1542 2605 austr.
1571 2573 1695 2605 13000Ι
1721 2570 1767 2605 ad
1789 2571 1889 2605 nives

332 2617 516 2658 (Haussk.)
540 2623 575 2652 et
593 2620 778 2652 Avroman
797 2624 833 2652 et
855 2618 1000 2653 Schahu
1022 2617 1267 2652 Kurdistaniae
1287 2618 1441 2652 Persicae
1458 2619 1599 2652 6-9000¹
1620 2617 1790 2659 (Haussk.
1810 2619 1890 2661 367,

331 2664 356 2698 f.
377 2665 493 2698 minor
514 2664 559 2698 ob
581 2665 694 2709 stylos
714 2665 850 2708 pilosos
871 2664 916 2699 ab
938 2666 1039 2699 amic.
1061 2665 1201 2699 Burnat
1220 2672 1255 2699 et
1274 2665 1410 2699 Gremli
1436 2665 1471 2698 in
1493 2665 1582 2699 Rev.
1607 2665 1692 2699 Ros.
1714 2664 1776 2700 Or.
1796 2664 1890 2699 ined.

331 2712 472 2745 nomine
492 2711 538 2746 R.
555 2710 753 2754 interjecta:
774 2711 944 2746 distincta
964 2713 1137 2756 gregique
1158 2712 1464 2756 Rubiqinosarum
1481 2711 1692 2755 adscripta).

378 2774 510 2809 Differt
537 2776 681 2819 egregie
711 2785 732 2809 a
758 2774 804 2809 R.
834 2775 1022 2819 qlutinosd
1048 2780 1083 2809 et
1111 2775 1321 2819 rubiqinosci
1338 2775 1448 2809 ramis
1476 2775 1593 2818 nudis,
1622 2774 1757 2809 aculeis
1782 2775 1891 2809 rectis

331 2821 568 2865 tenuioribus,
589 2821 724 2856 foliolis
745 2822 796 2855 uti
817 2821 933 2856 dicam
953 2823 1111 2865 caninis,
1139 2822 1242 2866 stylis
1261 2822 1399 2866 glabris
1418 2828 1482 2857 aut
1503 2832 1612 2866 parce
1637 2822 1773 2866 pilosis,
1794 2821 1891 2856 ideo-

333 2879 402 2912 que
422 2868 469 2903 R.
488 2869 701 2904 micranthae
719 2869 876 2913 Europae
897 2868 1011 2904 occid.
1037 2869 1281 2913 glabrescenti
1301 2879 1371 2903 non
1390 2869 1583 2903 admodum
1604 2869 1742 2904 aliena!
