2094 3351
209 198 274 233 174
918 208 1169 233 LEGUMINOSAE.
1676 199 1877 246 Carayana.

202 279 274 314 Pag.

371 332 500 367 Affinis
526 332 562 368 C'.
588 332 729 366 ulicinae
757 342 778 366 a
808 333 880 376 qua
909 331 1006 366 foliis
1033 332 1226 377 plurijugis
1249 333 1452 376 praesertim
1482 332 1616 368 differt.
1637 333 1734 369 Clari
1759 333 1881 369 Baker

324 385 359 415 et
378 379 568 414 Aitchison
589 385 712 413 tamen
730 380 961 422 suspicantur
981 389 1043 414 eas
1063 380 1167 414 unius
1185 380 1318 423 speciei
1339 380 1535 415 varietates
1555 390 1644 415 esse.
1664 380 1702 416 0.
1716 381 1882 426 ambiqua

324 426 446 462 differt
465 427 647 471 legumine
664 425 830 460 breviore
848 431 884 460 et
897 426 1010 460 multo
1031 427 1209 461 crassiore
1229 426 1397 471 oblongo.

370 488 437 523 Ar.
457 488 599 531 Googr.
620 489 815 534 Himalaya
835 488 1083 533 occidentalis,
1099 489 1251 524 Tataria
1271 489 1470 525 Chinensis.

200 623 299 669 201,
331 626 425 672 post
447 622 786 671 Chesneyam
805 620 1115 672 vaginalem
1135 621 1272 662 insere
1294 633 1302 661 :

368 708 459 748 Ch.
490 707 697 748 acaulis
732 707 891 759 (Baker
922 707 1071 749 Jouru.
1105 707 1225 749 Proc.
1260 707 1381 749 Linn.
1418 707 1511 749 Soc.
1545 708 1700 757 XVIII,
1733 720 1775 760 p.
1812 708 1882 759 44)

312 760 511 812 adpresse
538 765 581 801 et
611 772 737 812 parce
763 771 987 802 canescens
1013 760 1266 809 subacaulis,
1294 760 1524 802 rhizomate
1551 762 1711 813 lignoso
1738 761 1883 813 gracili

312 813 522 865 elongato,
545 813 710 865 stipulis
731 814 869 865 parvis
889 813 1073 854 breviter
1088 814 1416 855 trianoularibus
1435 815 1478 855 in
1493 814 1688 866 vaginam
1704 814 1880 867 coalitiS,

312 865 419 907 foliis
434 866 618 907 breviter
637 866 848 918 petiolatis
870 866 1080 918 3-4-jugis,
1103 847 1251 908 foliolis
1268 866 1480 908 sessilibus
1496 867 1883 908 obovato-cuneatis

314 920 519 960 truncatis
555 919 617 960 vel
652 919 818 967 retusis,
854 918 1024 960 floribus
1059 919 1256 960 solitariis
1287 919 1544 971 longiuscule
1574 919 1881 972 pedunculatis,

312 971 464 1024 calycis
490 971 864 1013 albo-canescentis
897 972 998 1013 tubo
1028 971 1268 1023 cylindrico,
1298 972 1492 1014 dentibus
1518 972 1761 1014 lanceolatis
1782 972 1883 1014 tubo

313 1024 439 1076 ‹luplo
458 1024 735 1072 brevioribus,
756 1024 910 1065 corolla
929 1024 1097 1066 sordide
1112 1029 1444 1077 purpurascente
1460 1026 1601 1078 calyce
1620 1026 1748 1066 tertia
1761 1028 1883 1078 parte

314 1078 512 1129 longiore,
541 1077 751 1129 legumine
778 1078 923 1118 lineari
949 1082 1196 1119 mucronato
1222 1078 1490 1127 subcurvato,
1520 1078 1748 1120 seminibus
1776 1078 1884 1119 reni-

312 1130 513 1171 formious
532 1131 779 1182 compressis
801 1134 839 1178 Ql
851 1163 860 1171 .

373 1200 466 1235 Hab.
482 1201 519 1235 in
545 1201 699 1235 collibus
719 1202 823 1236 siccis
844 1201 972 1236 calidis
997 1211 1111 1245 prope
1130 1201 1302 1237 Shalizan
1323 1208 1358 1236 et
1379 1201 1604 1237 Habibkalla
1624 1202 1730 1237 vallis
1747 1201 1883 1237 Kuram

326 1247 531 1292 Affghaniae
554 1248 688 1291 (Aitch.
713 1248 834 1290 1218!)
858 1248 955 1292 (Vidi
974 1253 1114 1282 tantum
1132 1249 1313 1292 specimen
1333 1249 1484 1293 sterile).

371 1312 504 1347 Affinis
535 1312 595 1348 C'h.
620 1313 799 1358 vaqinatae
823 1318 859 1347 et
888 1314 1089 1357 praesertim
1121 1313 1182 1348 Ch.
1208 1317 1368 1348 cuneatae
1393 1313 1513 1349 Baker
1538 1313 1751 1348 Himalaicae
1771 1324 1793 1348 a
1813 1315 1885 1358 qua

326 1359 461 1394 foliolis
479 1360 712 1403 paucioribus
730 1366 765 1394 et
785 1360 990 1404 pedunculo
1015 1359 1168 1395 unifloro
1199 1362 1304 1395 12-15
1330 1361 1445 1396 lineas
1471 1361 1579 1405 longo
1606 1360 1739 1396 differt.
1770 1361 1883 1406 Calyx

328 1408 388 1441 6-9
409 1407 523 1442 lineas
541 1407 682 1451 longus,
703 1407 842 1442 corolla
860 1407 1047 1451 pollicaris
1066 1408 1163 1442 intus
1183 1417 1307 1442 aurea.

205 1552 299 1597 202,
336 1549 688 1601 Glycyrrhiza
709 1550 914 1601 glabra,
938 1549 1046 1591 adde
1069 1563 1077 1590 :

371 1637 466 1673 Hah.
483 1639 520 1673 in
540 1638 626 1674 Oasi
647 1640 763 1682 parva
782 1639 936 1684 AEgypti
952 1638 1223 1683 subspontanea
1245 1639 1473 1683 (Aschers.!).

207 1776 303 1822 223,
335 1774 662 1826 Astraqalus
682 1774 946 1826 prolixuS,
968 1773 1079 1815 adde
1099 1787 1108 1815 :

371 1856 465 1892 Hab.
483 1857 519 1891 in
537 1856 624 1891 Oasi
643 1858 776 1902 magna
792 1857 946 1902 AEgypti
966 1856 1216 1901 (Schweinf.l).

205 1991 300 2036 224,
334 1989 393 2028 A.
415 1988 756 2036 tribuloides,
779 1987 887 2028 adde
910 2000 918 2028 ι

374 2075 468 2111 Hah.
489 2077 526 2111 in
547 2076 666 2121 Cypro
687 2086 802 2120 prope
820 2076 996 2121 Kythraea
1017 2076 1120 2120 (Sint.
1133 2077 1165 2119 2).

207 2160 300 2206 225,
333 2161 372 2213 β.
403 2157 612 2208 minutus,
634 2157 743 2199 adde
766 2170 774 2198 :

373 2229 467 2264 Hab.
488 2228 535 2264 ad
556 2229 675 2264 Ouadi
695 2229 763 2264 Tin
781 2229 915 2265 deserti
936 2229 1327 2275 AEgyptiaco·Arabici
1348 2229 1550 2273 (Schweinf.
1561 2230 1595 2275 1).

204 2361 299 2406 225,
330 2369 405 2410 pro
430 2359 489 2398 A.
518 2358 887 2409 pseudostella
915 2369 1054 2410 pone:
1085 2359 1145 2399 A.
1181 2358 1432 2398 Sinaicus
1463 2357 1597 2399 Boiss.
1632 2357 1802 2399 Etenim
1829 2358 1882 2399 A.

308 2410 593 2463 pseudostella
613 2411 746 2452 Delile
766 2423 815 2452 ex
836 2411 886 2451 cl.
909 2411 1157 2460 Ascherson,
1209 2411 1251 2452 ui
1270 2410 1512 2452 herbarium
1538 2411 1589 2452 cl.
1613 2410 1747 2452 Delile
1771 2423 1886 2453 scru-

314 2467 548 2569 {atlligoesh
565 2463 781 2558 ngdg—-zA,
817 2462 1017 2506 radiatus
1043 2463 1186 2505 Ehren
1221 2465 1254 2505 .!
1283 2462 1436 2505 Confer
1461 2463 1589 2505 Barb.
1622 2463 1752 2505 Herb.
1781 2464 1881 2506 Lev.

373 2604 468 2639 Hab.
487 2605 523 2639 in
544 2604 663 2639 insula
683 2604 895 2649 Karpathos
918 2604 1120 2648 (Pichlerl).

208 2740 299 2785 225,
331 2738 389 2778 A.
413 2737 708 2786 cruciatus,
731 2736 840 2778 adde
862 2749 870 2777 :

374 2825 468 2859 Hab.
488 2825 524 2859 in
545 2825 663 2869 Cypro
685 2824 786 2868 (Sint.
801 2826 837 2867 l).

211 2962 298 3007 226,
332 2961 390 2999 A.
420 2959 669 2999 radiatus
701 2958 810 3000 idem
843 2962 908 2999 est
939 2969 988 2999 ac
1016 2958 1067 2999 Α.
1098 2957 1382 3011 pseudostella
1418 2958 1552 3000 Delile
1585 2957 1697 3009 (vide
1733 2956 1879 3010 supra)
