2115 3250
202 201 303 237 Rosa.
953 212 1139 237 ROSACEAE.
1805 205 1875 239 209

200 282 270 317 Pag.

359 337 397 388 β.
428 332 680 375 Aitchisoni.
701 356 754 361 —
778 332 930 373 Differt
958 345 983 373 a
1016 337 1115 392 typo
1147 332 1294 373 foliolis
1326 334 1507 374 minimis
1539 334 1726 374 obovatis
1756 335 1875 386 apice

307 398 416 439 saepe
432 385 670 427 rotundatis
689 384 894 437 profunde
907 385 1152 437 simpliciter
1170 386 1342 426 serratis
1359 398 1485 438 supra
1502 386 1764 438 glaberrimis
1778 387 1875 428 sub-

305 442 374 480 tus
401 439 575 491 sparsim
610 440 654 479 et
684 438 844 479 minute
875 438 1368 490 puberulo-glandulosis,
1404 439 1609 490 corymbis
1646 440 1871 491 congestis,

304 491 548 544 pedunculis
567 491 750 532 bracteis
768 490 908 543 paullo
933 491 1189 542 longioribus
1214 491 1489 543 receptaculis
1515 492 1750 544 sepalisque
1775 491 1875 533 den-

304 544 464 584 sissime
496 542 992 595 glanduloso-hispiduliS,
1024 543 1189 584 urceolo
1217 549 1383 584 maturo
1411 543 1538 585 dense
1569 544 1792 596 hispidulo.
1824 569 1876 573 —

304 596 429 637 Foliis
447 595 507 637 R.
527 594 935 649 pimpinellifolz'am,
956 595 1265 637 inflorescentia
1284 596 1340 637 R.
1363 595 1668 649 Elymaiticam
1688 596 1831 638 refert.

361 667 453 701 Hab.
470 667 506 701 in
527 666 723 710 Affghania
742 665 877 711 (Aitch.
897 666 993 710 274),

354 820 393 858 8.
424 817 445 841 *
461 818 519 857 R.
543 818 941 858 anserinaefolia
958 816 1113 877 (Boiss3
1127 818 1279 869 Diagn.
1300 817 1390 859 Ser.
1407 817 1440 866 I,
1458 821 1496 878 β,
1512 830 1554 870 p.
1577 821 1623 859 51
1643 823 1686 878 et
1708 818 1770 859 Fl.
1797 818 1871 878 Qr.

300 869 356 918 II,
371 872 419 911 67
425 869 539 921 7).—-
548 869 701 911 Differt
711 882 736 910 a
746 870 803 911 R.
820 870 1093 924 Beqyerzana
1104 870 1348 911 indumento
1362 883 1545 930 omnium
1560 876 1744 931 partium
1757 870 1874 931 folia-

301 934 469 963 cearum
488 923 808 982 sep-alorumque
828 923 956 983 dense
975 926 1018 982 et
1037 922 1387 996 albo-tomentoso
1402 924 1529 972 molli,
1547 923 1875 1018 (flentibusSfofljiCoi

298 975 554 1122 {Iilffiffiff
557 975 652 1069 331⁸
669 975 1712 1082 ῈΞΓΞΞῙἎᾞΕΞΞᾘἘἐιῗῇξὲἓῖῐέηὲζῖῧᾷοἷᾝῧῐ
1741 989 1870 1070 12¹}-1m,

357 1151 452 1186 Hah.
469 1152 505 1186 in
527 1152 667 1186 saxosis
689 1151 806 1186 faucis
823 1150 973 1185 Dudera
998 1152 1129 1186 montis
1156 1151 1293 1186 Elbrus
1316 1152 1451 1186 Persiae
1475 1151 1554 1186 bor.
1580 1152 1661 1197 (ΚΥ.
1688 1154 1768 1196 424,
1793 1154 1874 1197 635,

351 1263 389 1315 β.
413 1260 655 1302 Dae'nensis
674 1260 826 1312 (Boiss.
848 1261 891 1301 in
911 1259 1053 1301 sched.
1077 1260 1225 1301 exsicc.
1243 1260 1488 1302 Hohenack.
1505 1274 1544 1302 a.
1565 1262 1700 1313 1845).
1717 1262 1873 1303 —Dif-

297 1312 380 1354 fert
398 1313 643 1354 indumento
663 1314 845 1354 omnium
865 1313 1049 1365 partium
1071 1312 1337 1355 foliacearum
1358 1314 1596 1366 sepalorum
1616 1314 1871 1366 pedunculo-

297 1378 391 1407 rum
410 1366 852 1418 receptaculorumque
872 1365 998 1407 dense
1018 1372 1062 1407 et
1081 1371 1538 1418 argenteo-tomentoso
1554 1368 1751 1416 micante,
1771 1367 1870 1408 den-

298 1419 410 1459 tibus
424 1418 657 1459 foliolorum
672 1418 888 1471 profundis
902 1418 1116 1470 productis
1132 1419 1648 1461 lanceolam-acuminatis.
1668 1443 1717 1448 —
1732 1420 1868 1472 HuJus

297 1484 389 1564 vari
406 1470 546 1512 foliola
565 1473 710 1513 revera
728 1471 800 1512 illa
818 1471 1058 1513 Potentilloe
1077 1471 1291 1513 anserina>
1302 1472 1479 1525 junioris
1493 1472 1698 1514 referunt.
1718 1473 1870 1514 Petioli

297 1535 375 1565 acu
393 1524 492 1565 eati.

355 1593 448 1628 Hab.
466 1593 512 1628 ad
531 1594 666 1628 rivulos
682 1594 813 1629 montis
833 1594 917 1628 Kuh
938 1595 1067 1629 Daena
1086 1595 1219 1630 Persiae
1240 1600 1355 1630 austr.
1377 1595 1458 1641 (Ky.
1479 1596 1574 1640 622).

348 1741 387 1778 9.
419 1738 440 1762 *
459 1738 517 1778 R.
539 1737 789 1778 lacerans
809 1737 959 1787 (Boiss.
987 1743 1030 1779 et
1048 1738 1189 1780 Bubse
1208 1739 1327 1780 Aufz.
1350 1752 1392 1791 p.
1416 1741 1498 1789 58).
1521 1763 1574 1768 —
1592 1739 1746 1782 Differt
1764 1753 1790 1781 a
1807 1740 1868 1782 R.

295 1789 566 1843 Beqqeriami
601 1789 749 1831 foliolis
784 1791 988 1832 latissime
1026 1792 1159 1833 ovatis
1191 1804 1334 1844 grosse
1366 1795 1409 1833 et
1440 1792 1494 1832 du
1526 1793 1664 1833 liciter
1693 1794 1868 1834 serratis

294 1843 619 1895 pubescentibus
638 1843 787 1884 subtus
809 1843 935 1885 dense
955 1856 1081 1896 supra
1101 1845 1277 1896 sparsim
1299 1845 1486 1897 glanduli
1506 1846 1602 1886 eris.

353 1913 446 1948 Hah.
472 1915 508 1948 in
524 1914 622 1948 valle
641 1913 739 1948 Nika
757 1915 887 1949 montis
907 1915 1042 1949 Elbrus
1063 1926 1177 1959 prope
1197 1915 1375 1950 Radkann
1393 1916 1528 1950 Persiae
1548 1915 1627 1949 bor.
1650 1915 1810 1960 (Buhse),
1832 1916 1868 1950 in

306 1971 407 2004 prov.
428 1961 641 1995 Khorassan
660 1961 708 1996 ad
727 1962 893 2005 Chanlug
912 1962 1006 1996 inter
1025 1962 1233 2006 Nischapur
1254 1968 1290 1997 et
1310 1962 1489 1997 Mechhed
1511 1962 1614 2007 (Bge.
1635 1965 1667 2006 8,
1688 1965 1710 1997 4
1730 1963 1866 1997 aculeis

306 2007 516 2052 latissimis),
535 2009 571 2043 in
589 2007 786 2052 Affghania
803 2009 849 2043 ad
869 2009 979 2043 Kelat
999 2010 1094 2044 inter
1113 2009 1229 2044 Herat
1255 2015 1291 2045 et
1314 2010 1456 2045 Tebbes
1478 2010 1590 2054 (Ege,
1613 2010 1720 2045 valde
1739 2011 1866 2044 micro-

305 2055 444 2099 phylla,
463 2055 599 2090 aculeis
615 2055 798 2100 tenuibus)
821 2062 857 2091 et
876 2057 912 2090 in
932 2056 1029 2091 valle
1044 2056 1180 2091 Kuram
1199 2056 1333 2101 (Aitch.
1357 2060 1422 2092 158
1442 2057 1696 2103 microphylla‚
1713 2057 1807 2101 309),
1827 2058 1864 2091 in

305 2102 519 2136 Belutschia
540 2102 682 2145 (Stocks
706 2102 821 2146 1028).

353 2165 419 2200 Ar.
442 2165 585 2208 Geogr.
604 2167 651 2202 R.
671 2167 913 2212 Beyyerianoe
931 2167 1273 2212 subspecierumque
1297 2169 1578 2212 anserinoefoliae
1606 2175 1642 2205 et
1669 2171 1867 2205 lacerantis

306 2219 360 2248 est
389 2214 478 2248 Asia
507 2214 678 2248 centralis
707 2214 901 2258 subalpina
932 2226 954 2250 a
984 2216 1109 2250 Persia
1134 2215 1212 2250 bor.
1242 2216 1287 2250 ad
1313 2217 1524 2260 Songariam
1553 2222 1589 2252 et
1620 2217 1864 2262 Affghaniam.

304 2260 499 2295 Terrarum
529 2262 680 2295 istarum
705 2262 980 2296 siccissimarum
1004 2273 1083 2296 cum
1106 2263 1151 2297 R.
1171 2263 1399 2307 Elymaiticc‘z
1426 2269 1461 2298 et
1481 2264 1697 2299 Hulthe‘mid
1716 2265 1865 2300 berberi-

302 2307 395 2350 folia
415 2308 539 2351 (Pall.)
559 2308 830 2352 elegantissima
850 2315 971 2344 roseta
992 2310 1229 2344 constituunt.

347 2465 409 2503 10.
443 2462 502 2503 R.
524 2463 777 2503 Cabulica
807 2462 957 2514 (Boiss.
986 2462 1050 2503 Fl.
1077 2463 1150 2505 Or.
1179 2463 1234 2512 ΙΙ,
1265 2464 1359 2515 648)
1387 2463 1608 2505 fruticulus
1631 2465 1760 2505 ramis
1785 2466 1866 2506 vir-

291 2515 399 2566 gatis
426 2513 532 2555 facie
564 2515 621 2556 R.
658 2515 896 2568 qluhnosoe,
932 2515 1274 2565 heteracanthus‚
1307 2517 1461 2558 aculeis
1497 2518 1680 2558 curvatis
1713 2518 1865 2570 saepius

291 2567 514 2618 geminatis
535 2567 682 2608 validis
709 2569 954 2620 compressis
982 2569 1150 2610 aciculis
1179 2570 1385 2610 subulatis
1414 2570 1682 2619 intermixtis,
1716 2571 1865 2612 micro-

287 2618 469 2671 phyllus,
492 2618 639 2661 foliolis
667 2623 733 2662 5-7
760 2621 1198 2662 obovato-rotundatis
1225 2622 1502 2664 obtusissimis
1523 2634 1667 2675 grosse
1687 2623 1863 2664 subsim-

289 2672 453 2723 pliciter
473 2672 656 2713 dentatis
676 2673 871 2715 dentibus
892 2674 1080 2715 dilatatis
1101 2675 1218 2726 apice
1238 2675 1365 2716 folioli
1385 2676 1577 2716 maximis
1599 2687 1729 2728 supra
1747 2688 1863 2728 spar-

289 2724 367 2765 sim
386 2723 496 2765 infra
525 2724 692 2766 densius
712 2727 805 2778 pilis
836 2727 1103 2778 longiusculis
1125 2728 1324 2779 adpresse
1342 2728 1685 2780 pubescentibus,
1707 2729 1863 2780 petiolo

289 2777 478 2818 aculeato
506 2778 761 2829 pubescente
791 2791 917 2830 parce
951 2780 1211 2831 glanduloso,
1244 2781 1408 2832 stipulis
1443 2781 1752 2833 angustissimis
1784 2782 1862 2822 sub

287 2829 596 2871 inflorescentia
635 2831 845 2880 dilatatis,
884 2831 1056 2873 floribus
1088 2833 1343 2885 corymbosis
1375 2834 1579 2883 minimis,
1615 2834 1862 2886 pedunculis

287 2883 552 2934 receptaculo
566 2883 737 2924 ovoideo
756 2884 991 2936 sepalisque
1011 2885 1223 2937 puberulis
1238 2897 1363 2937 parce
1382 2886 1571 2938 hispidis,
1588 2886 1741 2939 sepalis
1765 2887 1862 2927 sub-

287 2935 541 2987 simplicibus
561 2936 684 2988 longe
714 2938 961 2978 acuminatis
989 2937 1157 2978 demum
1185 2938 1385 2987 deciduis,
1414 2939 1533 2991 stylis
1559 2940 1601 2979 in
1630 2939 1860 2991 capitulum

1628 3031 1671 3066 14
