2115 3250
223 211 249 243 A
257 214 339 244 seer.
948 218 1016 241 con
1023 217 1164 241 rosim-1.
1820 204 1887 239 257

606 499 812 539 (uun)
857 500 1010 538 Lxl.
1057 498 1499 538 COMPOSITAE

223 661 261 686 Pa
286 681 291 686 .

223 668 310 759 1537,
341 715 435 763 post
454 712 704 750 Asterem
724 710 973 761 Alpinum
997 710 1133 750 insere
1156 722 1164 750 :

377 798 436 837 A.
461 798 841 837 Heterochaeta
864 796 1035 845 (Benth.
1055 795 1161 836 Gen.
1180 795 1241 836 Pl.
1258 795 1313 843 II,
1331 795 1426 845 272)
1444 794 1711 835 tomentellus
1726 794 1788 834 vel
1806 793 1894 844 gla-

324 850 486 898 bratus,
509 849 626 890 caule
647 849 800 901 pumilo
826 848 1123 900 monocephalo
1150 852 1310 889 remote
1336 848 1580 899 2-3-phyllo,
1603 846 1710 887 foliis
1730 846 1893 886 radica-

325 902 431 943 libus
451 902 646 943 rosulatis
672 902 859 942 obovatis
880 902 943 941 vel
972 901 1161 953 oblongis
1181 901 1476 942 obtusiusculis
1497 900 1562 940 vel
1587 900 1721 940 acutis
1741 898 1893 939 sessili-

325 955 415 1003 bus,
439 955 611 995 caulinis
638 954 826 1006 oblongis
847 955 909 995 vel
938 954 1194 1002 lanceolam,
1215 954 1398 1006 capitulo
1418 953 1663 1005 majusculo,
1691 951 1893 992 involucri

326 1007 474 1059 phyllis
493 1008 641 1048 ciliatis
657 1007 720 1048 vel
735 1007 932 1047 lanatulis
949 1007 1239 1047 subbiseriatis
1255 1006 1499 1047 lanceolatis
1513 1005 1772 1057 aequilongis,
1791 1004 1894 1055 ligu-

327 1061 373 1100 lis
393 1061 521 1101 roseis
542 1060 752 1100 involucro
773 1059 898 1111 duplo
927 1060 1198 1111 longioribus,
1227 1071 1363 1111 pappo
1394 1058 1561 1110 duplici,
1591 1057 1775 1098 acheniis
1808 1057 1895 1108 gla-

325 1113 545 1154 briusculis
572 1117 629 1159 21.
652 1112 945 1154 Heterochaela
963 1112 1192 1153 asteroides
1210 1125 1279 1153 Dc.
1303 1111 1450 1152 Prodr.
1473 1111 1525 1160 V,
1548 1114 1640 1152 282.

383 1183 476 1217 Hah.
508 1184 603 1227 inter
633 1182 774 1226 lapides
806 1182 957 1217 mobiles
987 1182 1066 1226 jugi
1102 1183 1267 1217 Sikaram
1306 1182 1341 1216 in
1375 1182 1472 1217 valle
1509 1181 1648 1215 Kuram
1687 1180 1894 1224 Affghaniae

341 1231 528 1264 13-14000'
548 1230 682 1273 (Aitch.
703 1230 815 1273 951!).

372 1295 499 1328 Facies
518 1295 564 1328 Α.
585 1294 717 1338 Alpini
742 1304 763 1328 a
789 1304 859 1337 quo
886 1304 1007 1337 pappo
1035 1293 1170 1337 duplici
1199 1294 1322 1328 statim
1350 1292 1584 1336 distinguitur
1605 1297 1641 1326 et
1663 1291 1896 1335 Eriyerontis‘

336 1342 537 1384 specierum
565 1341 782 1384 alpinarum,
803 1341 866 1375 sed
893 1341 1013 1384 ligulae
1036 1342 1254 1375 uniseriatae.
1276 1341 1383 1383 Scapi
1403 1339 1683 1383 1-4-pollicares.

383 1403 450 1437 Ar.
471 1403 612 1445 Geogr.
630 1404 744 1447 Regio
765 1404 967 1437 Himalaica
988 1404 1222 1438 occidentalis
1244 1409 1279 1437 et
1299 1403 1455 1437 Tibetia.

226 1541 314 1586 157,
345 1540 439 1589 post
459 1537 516 1577 A.
540 1537 809 1576 Amellum
830 1536 966 1576 insere
989 1549 997 1576 z

378 1626 434 1664 A.
457 1625 773 1672 Aitchisoni,
796 1624 1012 1676 asperulus
1030 1623 1120 1664 basi
1135 1622 1423 1663 suffruticosus
1439 1633 1642 1667 ramosus,
1660 1621 1786 1661 ramis
1801 1620 1895 1660 her-

324 1678 462 1718 baceis
490 1677 707 1729 fragilibus
740 1677 886 1718 crebre
916 1676 1085 1726 foliatis,
1117 1676 1224 1716 foliis
1256 1675 1396 1727 parvis
1429 1673 1619 1726 rigidulis
1650 1673 1894 1714 brevissime

325 1731 536 1782 petiolatis
566 1730 755 1782 oblongis
775 1731 972 1782 utrinque
997 1734 1156 1770 remote
1181 1733 1224 1769 et
1244 1732 1367 1769 acute
1387 1727 1675 1774 2-3-dentatis,
1698 1725 1894 1777 corymbo

327 1783 533 1824 terminali
555 1795 664 1835 saepe
684 1783 927 1835 composito,
951 1783 1143 1835 capitulis
1165 1785 1259 1823 5-10
1283 1781 1469 1822 breviter
1487 1779 1780 1832 pedunculatis
1799 1790 1895 1830 par-

326 1837 385 1876 vis
406 1837 539 1876 ovatis
560 1836 649 1876 basi
669 1836 898 1888 squamulis
917 1835 1133 1876 herbaceis
1152 1834 1406 1876 brevissimis
1432 1833 1643 1874 interdum
1664 1832 1895 1873 involucra-

327 1889 395 1937 tis,
418 1889 618 1929 involucri
639 1888 788 1940 phyllis
809 1888 1139 1930 membranaceis
1161 1887 1310 1929 albidis
1335 1885 1763 1937 rubello-marginatis
1785 1885 1897 1925 cilia-

326 1942 380 1982 tis
399 1942 630 1982 imbricatis
651 1941 859 1993 adpressis
879 1941 1038 1982 obtusis
1057 1941 1108 1982 ab
1129 1940 1282 1982 infimis
1303 1941 1435 1981 ovatis
1456 1939 1509 1980 ad
1529 1940 1696 1980 interna
1717 1938 1896 1989 oblonga

324 1995 476 2035 sensim
498 1995 646 2042 auctis,
675 1994 813 2046 ligulis
840 1994 988 2035 albidis
1014 1995 1226 2035 involucro
1251 1993 1457 2045 subduplo
1483 1992 1753 2045 longioribus,
1778 1991 1897 2032 ache-

328 2047 406 2087 niis
439 2047 559 2087 hirtis
587 2051 644 2091 91.
686 2048 739 2087 A.
772 2047 1090 2099 psendamellus
1125 2047 1263 2088 Aitch.
1304 2046 1452 2087 Journ.
1487 2046 1608 2086 Linn.
1648 2045 1740 2086 Soc.
1781 2044 1895 2093 XIX,

326 2112 367 2152 p.
394 2103 468 2141 168
488 2112 568 2140 11011
590 2100 726 2140 Hook.
749 2100 807 2140 fil.

341 2171 477 2261 (AHalb.
495 2171 725 2252 gizwrupibus
750 2171 986 2206 verticalibus
1006 2171 1185 2216 pendulus
1205 2173 1240 2206 in
1261 2172 1357 2206 valle
1375 2171 1512 2206 Kuram
1534 2170 1738 2215 Affghaniae
1756 2171 1900 2204 7-8000‘

390 2225 437 2252 itc
453 2230 474 2252 1.
544 2224 607 2259 2.).

386 2281 530 2315 Inferne
550 2282 709 2325 lignosus
726 2282 834 2316 ramis
854 2282 1006 2316 novellis
1025 2282 1374 2326 6-10-pollicaribus,
1393 2282 1480 2316 folia
1503 2283 1577 2322 ¹!2·1
1598 2281 1767 2325 pollaeem
1785 2280 1896 2324 longa

339 2330 399 2362 3-4
419 2329 532 2362 lineas
553 2329 640 2362 lata.
663 2329 832 2372 Capitula
851 2330 901 2363 eis
921 2330 966 2363 A.
982 2330 1216 2372 pseudamelli
1235 2329 1292 2372 (A.
1309 2329 1452 2363 Amello
1468 2329 1572 2363 nimis
1592 2328 1727 2366 affinis)
1750 2327 1896 2361 dimidio

339 2376 477 2409 minora
497 2376 778 2420 ovato-oblonga
799 2386 864 2410 nec
883 2377 1173 2420 hemisphaerica,
1194 2377 1371 2410 involucri
1396 2377 1523 2420 phylla
1556 2376 1685 2410 eximie
1705 2375 1896 2409 imbricata.

341 2428 375 2456 et
396 2422 441 2456 ab
457 2422 585 2456 infimis
606 2423 736 2457 sensim
755 2423 925 2467 elongata
942 2434 1007 2457 nec
1026 2424 1209 2458 exteriora
1229 2423 1412 2458 herbacea
1431 2423 1606 2457 interiora
1623 2422 1857 2457 occultantia.

228 2566 314 2612 158,
347 2565 405 2603 A.
432 2565 720 2604 Cabulicus
740 2577 762 2605 e
782 2564 906 2606 Flora
921 2565 1121 2607 delendus
1136 2571 1214 2615 est,
1233 2567 1386 2607 namin
1399 2565 1623 2618 Affghania
1637 2578 1717 2606 non
1733 2565 1898 2613 crescit,

331 2615 370 2657 J.
395 2617 445 2656 D.
471 2617 639 2657 Hooker
658 2617 719 2657 Fl.
736 2617 828 2658 Ind.
848 2618 922 2666 ΙΙΙ,
941 2631 982 2670 p.
1000 2622 1091 2660 257.
1110 2619 1210 2660 Haec
1230 2619 1388 2671 species
1403 2631 1513 2660 nunc
1529 2618 1584 2659 ad
1598 2630 1729 2670 genus
1744 2617 1902 2659 Micro-

324 2669 481 2720 qlossa,
507 2669 572 2710 M.
594 2670 802 2711 albescens
821 2670 974 2712 Clarke
994 2671 1140 2724 Comp.
1162 2672 1256 2713 Ind.
1278 2675 1341 2721 59,
1361 2672 1631 2713 transfertur.

231 2823 318 2868 159,
350 2823 444 2871 post
463 2821 520 2859 A.
544 2831 763 2860 roseum
786 2822 948 2863 insere:

387 2908 446 2947 A.
487 2909 808 2948 lacunarum
844 2910 998 2959 (Aitch.
1036 2914 1078 2951 et
1115 2911 1274 2951 Hemsl.
1311 2910 1459 2952 Journ.
1495 2911 1616 2952 Linn.
1657 2910 1749 2952 Soc.
1786 2910 1900 2959 XIX,

333 2972 372 3011 p.
400 2963 486 3009 168,
510 2960 597 3000 tab.
622 2960 736 3012 XVI)
758 2962 919 3002 biennis
939 2963 1001 3003 vel
1023 2965 1216 3015 perennis
1246 2964 1392 3015 glaber
1422 2964 1690 3015 glaucescens
1720 2964 1901 3015 pumilus
