2115 3250
217 213 320 248 Rosa.
955 217 1134 242 nosacnffi.
1812 202 1879 236 217

901 359 931 398 β.
958 357 1206 392 Tomentellae.

375 481 440 518 22.
473 478 531 517 R.
559 476 872 516 tomentella
893 473 1027 525 (Lem.
1050 471 1159 512 Bull.
1182 471 1375 518 Philom.‚
1430 501 1438 509 .
1470 472 1535 517 86,
1566 471 1655 516 354,
1685 480 1723 508 a.
1749 468 1883 518 1818).

324 528 540 571 —Differt
553 528 604 569 ab
625 527 735 568 affini
751 527 808 568 R.
830 526 1095 567 dumetorum
1123 524 1275 565 aculeis
1304 523 1384 563 vali
1416 522 1451 562 is
1470 520 1883 568 uncinato-hamosis,

322 582 470 623 foliolis
499 582 539 622 in
573 584 673 633 typo
705 579 943 620 rotundatis
974 577 1203 618 minoribus
1235 573 1794 628 glanduloso-subbiserratis
1822 572 1887 613 vel

323 632 786 687 composito-biserratis
801 632 950 673 subtus
964 631 1004 671 in
1022 630 1158 670 nervis
1171 629 1263 681 plus
1284 628 1419 668 minus
1441 625 1711 678 glandulosis,
1763 624 1888 665 etiolo

324 686 583 781 {landulosm
606 686 757 738 sepalis
778 697 830 736 ap
863 683 1077 725 endicibus
1097 681 1327 723 numerosis
1346 678 1605 720 brevioribus
1625 677 1722 729 glan
1754 677 1889 717 uloso-

353 739 510 833 elutatis
525 738 722 786 foliaceis‚
740 749 834 778 coro
853 737 894 777 la
906 737 1037 788 parva
1053 733 1347 781 roseo-albida,
1366 732 1485 784 stylis
1505 730 1661 783 glabris
1677 733 1751 770 aut
1765 740 1890 781 parce

324 805 365 844 p1
384 803 479 833 osls.

382 862 476 896 Hab.
510 862 547 896 in
582 860 773 895 Thessalia
805 859 851 894 ad
885 859 1019 894 Orman
1051 858 1199 902 Magola
1230 854 1428 899 (Haussk.)‚
1465 855 1501 888 in
1530 853 1681 888 Graeciae
1712 850 1892 886 montibus

336 910 462 944 Pelion
481 920 536 952 pr.
554 908 647 942 Volo
670 907 809 951 (Heldr.
838 911 874 940 et
899 905 1054 949 Holzm.)
1082 910 1117 939 et
1142 903 1256 938 Pindo
1287 903 1468 947 (Haussk.,
1494 901 1621 935 Heldr.
1648 901 1687 934 it.
1718 900 1833 941 1885),
1855 898 1892 932 in

337 955 678 1046 {rgiffietiassffaucasi
699 954 838 998 (Broth.
861 963 905 987 ex
920 953 1073 988 Scheutz
1090 951 1246 986 OEfvers.
1262 951 1297 984 k.
1311 950 1450 985 Svensk
1462 949 1544 983 Vet.
1560 946 1679 981 Akad.
1695 944 1893 980 Forhandl.

431 1030 439 1046 ‚
459 1014 492 1036 n.
551 1029 557 1036 .

384 1067 517 1101 Forma
547 1066 787 1110 microphylla
818 1064 925 1099 valde
956 1063 1184 1108 glandulosa‚
1218 1061 1431 1105 pedunculis
1460 1069 1570 1103 parce
1598 1056 1760 1101 hispidis,
1793 1055 1895 1100 stylis

338 1114 478 1205 &11ngss
497 1118 656 1202 grolsggg)
677 1124 696 1147 e
732 1112 880 1147 Graeciae
912 1111 991 1145 bor.
1017 1109 1199 1144 montibus
1230 1108 1344 1143 Pindo
1375 1107 1516 1151 (Heldr.
1545 1117 1578 1140 a.
1611 1104 1712 1148 1885)
1743 1108 1780 1139 et
1804 1103 1895 1138 Ossa

385 1225 593 1259 varietates
616 1224 746 1258 sensim
767 1222 814 1256 ad
834 1222 880 1257 R.
909 1222 1134 1256 dumetorum
1158 1224 1359 1262 transeunt,
1386 1218 1438 1252 ita
1466 1222 1506 1251 ut
1531 1216 1621 1251 certi
1646 1215 1736 1249 fines
1755 1215 1814 1249 vix
1835 1217 1898 1248 aut

339 1282 384 1306 ne
401 1273 460 1306 vix
478 1271 623 1315 quidem
645 1270 805 1305 eruendi.

341 1382 372 1416 V
386 1333 454 1416 ἳέ.
479 1333 620 1388 ᾳθοςτ.
643 1333 793 1376 Europa
812 1331 905 1366 med.
927 1336 963 1366 et
988 1331 1172 1375 praecipue
1192 1327 1448 1363 meria-occid,
1468 1336 1582 1370 usque
1603 1325 1649 1360 ad
1678 1325 1842 1360 Silesiam
1863 1327 1899 1357 et

375 1392 395 1416 ο
439 1392 569 1426 ymam.

381 1448 418 1500 β.
449 1447 574 1486 acuta
606 1443 747 1495 (Crep.
779 1443 822 1483 in
843 1441 992 1484 Sched.
1016 1446 1059 1482 et
1078 1440 1190 1491 apud
1206 1439 1339 1480 Boiss.
1361 1437 1424 1479 Fl.
1452 1436 1524 1479 Or.
1547 1436 1602 1484 11,
1626 1435 1720 1485 685)
1740 1444 1901 1475 macro-

358 1497 484 1550 hlea,
513 1496 661 1538 foliolis
689 1496 775 1537 late
807 1494 988 1535 ovoideis
1019 1492 1327 1548 subbidentatis
1359 1503 1487 1542 supra
1518 1488 1722 1541 glabratis
1751 1486 1901 1528 subtus

346 1551 478 1591 eviter
492 1549 722 1602 puberulis‚
739 1548 904 1601 petiolis
952 1543 1138 1588 uberulis
1152 1545 1273 1585 valde
1290 1543 1560 1596 glandulosis,
1577 1541 1747 1582 floribus
1761 1539 1902 1590 longe-

331 1602 637 1655 pedunculatis,
662 1601 899 1654 sepalorum
934 1600 1077 1640 aciniis
1104 1597 1430 1650 angustioribus,
1453 1594 1687 1648 pedunculo
1714 1596 1902 1643 recepta-

332 1656 423 1697 culo
442 1655 764 1708 sepalorumque
784 1653 907 1694 dorso
927 1651 1194 1694 abundanter
1211 1648 1602 1702 hispido-setulosis.

346 1725 678 1816 Gssgglboeinlmglngf
697 1725 836 1759 Sawers
854 1723 989 1757 Persiae
1004 1724 1106 1757 8000'
1122 1720 1321 1765 (Haussk.),
1337 1720 1374 1753 in
1391 1719 1487 1753 valle
1501 1717 1627 1761 Djimil
1651 1716 1758 1750 Ponti
1782 1714 1903 1748 Lazici

516 1783 537 1806 a
556 1799 563 1806 .
673 1798 680 1805 .

385 1926 450 1965 23.
482 1923 578 1963 *R.
607 1922 898 1963 leucantha
932 1919 1009 1972 (M.
1040 1919 1090 1960 B.
1119 1917 1400 1960 Taur.-Cauc.
1436 1915 1512 1965 ΠΙ,
1581 1947 1590 1956 .
1622 1915 1715 1960 352)
1746 1923 1907 1954 macro-

333 1976 491 2071 phffla,
525 1974 675 2016 foliolis
710 1974 898 2015 obovatis
930 1976 1080 2024 argute
1109 1971 1327 2013 biserratis
1360 1981 1488 2021 supra
1522 1980 1548 2020 g
1567 1967 1726 2008 abratis
1757 1965 1906 2007 subtus

335 2042 391 2082 pu
423 2028 548 2070 erulis
569 2032 612 2069 et
632 2026 839 2078 glandulis
860 2026 1040 2067 minimis
1060 2025 1100 2066 in
1121 2025 1257 2065 nervis
1277 2026 1320 2064 et
1334 2021 1661 2075 parenchymate
1674 2018 1908 2070 marginem

335 2093 479 2123 versus
507 2081 677 2133 sparsis,
712 2080 949 2131 sepalorum
982 2077 1280 2130 appendicibus
1312 2073 1639 2127 angustioribus,
1672 2070 1908 2124 pedunculo

336 2133 599 2187 receptaculo
631 2132 837 2184 dorsoque
860 2131 1098 2184 sepalorum
1129 2130 1306 2182 sparsim
1333 2127 1588 2180 glandulosis
1619 2125 1755 2166 rarius
1780 2123 1910 2176 pube-

339 2188 454 2228 rulis.
476 2210 529 2215 -
548 2185 712 2228 Caetera
732 2184 1024 2238 praecedentis.

397 2256 490 2292 Hab.
508 2257 545 2291 in
562 2255 736 2299 Caucaso,
757 2266 812 2299 pr.
833 2253 1087 2289 Helenendorf
1102 2253 1267 2297 Georgiae
1282 2249 1537 2294 (Hohenack.)‚
1550 2250 1586 2283 in
1606 2248 1750 2283 Ossetia
1770 2245 1911 2291 (Broth.

352 2316 396 2339 ex
417 2305 522 2347 Crep.
540 2303 649 2337 Prim.
672 2303 733 2347 VI,
750 2303 846 2345 678).

393 2455 458 2493 24.
480 2452 502 2475 ’¹‘
519 2452 577 2492 R.
595 2450 1045 2502 caryophyllacea
1058 2448 1225 2499 (Besser
1238 2446 1333 2488 Cat.
1351 2445 1462 2486 hort.
1485 2444 1714 2486 Cremenec
1733 2454 1772 2482 a.
1792 2440 1911 2493 1811)

341 2504 488 2546 foliolis
513 2503 792 2545 mediocribus
818 2502 1007 2554 oblongis
1036 2513 1147 2553 saepe
1171 2499 1440 2541 subcuneatis
1469 2495 1914 2549 glanduloso-biserra-

342 2558 395 2598 tis
416 2557 630 2609 (dentibus
655 2556 810 2608 patulis
843 2554 995 2605 acutis)
1028 2553 1237 2606 glandulis
1262 2564 1408 2604 supra·
1436 2554 1479 2591 et
1504 2547 1799 2591 subfoliaribus
1827 2558 1914 2589 cre-

340 2610 533 2651 berrimis
554 2607 893 2662 graveolentibus
912 2607 1102 2659 insignis.
1126 2630 1175 2634 —
1198 2605 1363 2647 Caetera
1382 2604 1439 2645 R.
1463 2601 1722 2644 tomentellae.

403 2682 497 2716 Hab.
522 2683 556 2716 in
587 2681 739 2716 Caucasi
768 2685 890 2714 monte
917 2679 1066 2713 Kasbek
1095 2678 1235 2719 (Rehm.
1264 2676 1357 2720 292),
1383 2687 1438 2719 pr.
1467 2675 1558 2709 Lars
1587 2673 1727 2716 (Rehm.
1756 2673 1852 2715 279),
1879 2672 1917 2706 in

359 2729 514 2773 Georgia
544 2727 798 2772 (Hohenack.),
824 2727 870 2761 ad
890 2727 1010 2762 Siaret
1028 2736 1084 2769 pr.
1110 2724 1317 2760 Asterabad
1343 2723 1478 2758 Persiae
1500 2722 1601 2765 (Bge.
1621 2722 1669 2764 2).
1693 2738 1737 2744 —
1762 2719 1917 2754 Scheutz

358 2776 381 2810 l.
402 2787 431 2810 c.
451 2775 601 2810 eandem
619 2775 670 2819 pl.
692 2786 711 2809 e
730 2776 892 2810 Caucaso
914 2784 966 2808 or.
987 2774 1131 2807 nomine
1149 2772 1196 2807 R.
1215 2771 1425 2806 micranthae
1445 2769 1629 2804 salutavit.

407 2837 473 2872 Ar.
509 2837 651 2881 Googr.
683 2840 715 2872 A
748 2839 908 2873 Caucaso
937 2847 1003 2880 per
1031 2836 1247 2881 Volhyniam
1285 2833 1453 2878 (Besser),
1482 2832 1706 2876 Hungariam
1732 2830 1919 2884 Alpesque

361 2885 584 2926 (Rhaetiam)
612 2885 658 2919 ad
692 2884 859 2919 Rhenum
896 2883 1184 2927 (Palatinatum)
1221 2892 1331 2926 parce
1369 2881 1543 2924 dispersa⁷
1581 2888 1679 2922 saepe
1717 2886 1920 2921 suspmxone

362 2932 594 2978 hybriditatis
614 2931 763 2966 afflicta.
