2094 3351
206 216 272 251 122

202 299 273 332 Ρις.

205 354 296 400 743,

206 1285 297 1330 743,

205 1679 296 1725 744,

206 2165 297 2209 744,

907 223 1182 248 emoxrcmssffi.
1643 211 1874 258 Paronychia.

330 349 674 400 Paronychia
695 348 932 400 capitata
955 360 963 388 :

370 438 484 472 Recte
511 437 553 471 cl.
580 437 722 471 Kerner
753 436 845 470 OEst.
871 435 951 469 Bot.
979 435 1082 478 Zeit.,
1113 436 1213 478 1876,
1238 445 1273 488 p.
1295 435 1363 469 394
1387 434 1643 469 animadvertit
1664 434 1875 469 Illecebrum

324 485 519 529 capitatum
539 484 578 518 L.
594 485 713 528 potius
733 483 874 526 (saltem
895 493 938 516 ex
959 482 1077 526 parte)
1097 481 1143 516 ad
1164 482 1204 516 P.
1224 482 1361 516 niveam
1381 492 1435 516 uc.
1455 487 1633 526 spectare,
1650 481 1713 516 sed
1732 491 1777 516 ne
1793 491 1875 516 con-

326 532 417 566 fusio
438 537 615 585 augeatur
631 531 718 565 mihi
741 531 862 574 aptius
882 529 1024 563 videtur
1042 528 1289 572 Candolleum‚
1310 528 1486 563 Kochium
1508 529 1671 572 aliosque
1689 528 1876 563 botanicos

324 584 468 613 secutus
489 579 631 612 nomine
651 578 693 612 P.
713 577 880 621 capitam
893 587 947 610 nc.
969 576 1133 629 plantam
1154 575 1198 610 de
1215 587 1286 620 qua
1308 575 1367 610 hic
1386 586 1502 610 sermo
1525 581 1580 611 est
1603 576 1805 620 designare.
1825 575 1877 611 Cl.

324 626 465 660 Kerner
487 625 677 659 OEst.Bot.
697 624 892 659 Zeit.1877
912 628 987 658 tres
1007 623 1145 666 species
1161 624 1197 657 in
1216 633 1258 657 ea
1273 623 1480 667 distinguit:
1499 626 1535 657 1⁰
1554 623 1594 657 P.
1611 622 1878 668 serpyllifoliam

328 673 515 715 Chai1320
537 672 578 706 Ρ
595 672 772 716 Kapelam
797 671 911 725 Hacq.
930 686 971 698 =
991 670 1033 705 P.
1050 670 1274 704 Kochianam
1292 670 1422 704 Boissx
1415 672 1475 714 ,03
1492 670 1534 704 P.
1537 670 1749 715 chionaeam
1764 669 1877 704 Boiss.

324 720 456 755 Omnes
471 725 591 753 tamen
603 718 845 753 intermediis
837 729 872 752 1n
888 718 1027 752 unicam
1044 716 1225 751 confluere
1238 716 1406 752 videntur
1415 697 1461 751 ⁷et
1475 717 1518 751 cl.
1537 707 1765 762 Celakovsky
1785 716 1877 751 OEst.

323 767 404 801 Bot
438 767 529 800 Zeit.
565 768 665 809 1876,
698 776 733 809 p
762 767 831 799 400
864 775 924 799 eas
959 775 1102 808 quoque
1134 764 1332 808 conjungit.
1363 764 1532 799 Varietas
1568 764 1802 809 serpyllifolia
1833 774 1877 798 ex

325 814 508 858 Pyrenaeis
526 818 561 847 et
577 793 758 846 mon⁷tibus
779 812 908 846 Galliae
926 812 1097 846 australis
1119 816 1154 845 et
1176 811 1293 845 ltaliae
1315 811 1426 846 habet
1450 821 1570 846 ramos
1594 812 1709 855 magis
1733 811 1878 855 elonga-

324 867 380 895 tos
417 865 622 904 prostratos
655 865 690 894 et
721 869 818 902 saepe
850 859 1056 893 radicantes
1089 858 1322 902 capitulaque
1361 858 1587 893 manifestius
1621 858 1879 902 pedunculata,

326 907 451 942 eadem
470 907 585 941 forma
606 908 642 941 in
661 907 813 951 Olympo
831 906 1007 940 Thessalo
1030 907 1248 950 regioneque
1274 906 1461 949 superiore
1476 906 1607 940 montis
1620 905 1737 940 Tmoli
1753 904 1878 950 Lydiae

325 965 469 999 quoque
489 955 658 989 occurrit.
677 954 809 988 Forma
829 953 947 987 altera
964 963 1070 997 quam
1090 953 1173 987 olim
1198 952 1263 987 sub
1290 953 1433 987 nomine
1452 953 1494 987 P.
1520 953 1683 987 chionaeae
1702 952 1876 995 descripsi

324 1003 468 1046 stipulis
498 1008 532 1036 et
561 1001 719 1035 bracteis
744 1000 942 1044 maj0ribus
970 1000 1140 1034 notabilis
1170 1000 1205 1034 in
1239 1000 1390 1034 Graeciae
1420 1005 1455 1034 et
1486 1000 1669 1034 Anatoliae
1696 999 1878 1034 montibus

325 1051 467 1093 crescit,
493 1049 556 1084 sed
577 1049 707 1083 sensim
731 1048 766 1082 in
796 1048 957 1091 plantam
986 1047 1228 1081 Dalmaticam
1255 1052 1290 1081 et
1317 1047 1499 1092 Illyricam
1523 1048 1665 1090 transit,
1688 1046 1878 1091 nequidem

324 1098 520 1131 varietates
557 1097 668 1140 igitur
702 1095 810 1130 facile
839 1094 1114 1139 distinguendae.
1144 1095 1185 1128 In
1213 1095 1423 1139 synonymia
1456 1094 1535 1129 dele
1561 1094 1603 1128 P.
1631 1094 1879 1139 Hunyaricam

329 1144 470 1179 Griseb.
492 1154 571 1188 quae
593 1144 637 1178 cl.
658 1143 800 1178 Kerner
817 1142 1034 1177 observante
1054 1152 1076 1176 a
1093 1142 1135 1176 P.
1148 1142 1327 1186 cephalote
1345 1152 1415 1176 non
1435 1141 1570 1176 differt.

331 1283 390 1321 P.
413 1281 740 1333 cephalotes‚
764 1279 872 1321 adde
891 1291 982 1332 syn.
1004 1292 1012 1320 :
1036 1278 1089 1320 P.
1112 1278 1371 1333 meyariccz
1391 1277 1556 1320 Griseb.

369 1372 472 1405 Hanc
490 1381 633 1414 quoque
654 1370 698 1404 cl.
714 1355 941 1413 &elakovsky'r
963 1369 1004 1403 P.
1019 1369 1187 1412 capitatae
1206 1369 1393 1413 conjungit
1412 1379 1433 1403 a
1451 1370 1522 1412 qua
1535 1373 1656 1403 tamen
1672 1368 1717 1403 cl.
1737 1367 1878 1403 Kerner

323 1424 423 1453 recte
440 1417 624 1452 indicante
645 1416 767 1451 differt
795 1416 935 1450 laciniis
962 1416 1133 1460 calycinis
1159 1416 1275 1450 acutis
1304 1416 1413 1450 rectis
1438 1427 1504 1451 nec
1531 1416 1627 1450 intus
1653 1415 1877 1450 subincurvis

324 1465 476 1509 capsula
497 1464 678 1508 subduplo
700 1462 924 1507 longioribus
941 1473 1006 1498 nec
1025 1473 1103 1498 eam
1125 1462 1436 1507 subaequantibus.

369 1528 437 1563 Ar.
456 1528 598 1571 Geogr.
617 1529 817 1572 Hungaria‚
835 1527 971 1572 Serbia,
992 1527 1268 1572 Transylvania,
1288 1527 1418 1562 Rossia
1438 1526 1622 1571 australis,
1642 1527 1788 1561 Tauria.

329 1676 387 1715 P.
413 1675 671 1726 Kurdica‚
695 1673 803 1715 adde
824 1687 832 1715 :

370 1763 463 1797 Hab.
494 1763 530 1797 in
553 1763 672 1797 insula
696 1761 827 1797 Rhodo
854 1772 970 1806 prope
995 1761 1147 1796 Bastida
1170 1761 1363 1806 (Bourg.!)⁷
1382 1761 1496 1796 Gebel
1524 1760 1644 1796 Abiad
1670 1760 1802 1796 deserti
1831 1760 1878 1796 ad

321 1810 527 1854 Palmyram
548 1810 666 1853 (Bm),
687 1810 952 1853 Mesopotamia
973 1808 1019 1843 ad
1045 1808 1160 1852 Erbss,
1183 1809 1219 1843 in
1245 1814 1366 1843 monte
1390 1809 1452 1843 Pir
1475 1809 1585 1844 Omar
1611 1807 1760 1843 Gudrun
1785 1808 1877 1842 Kur—

323 1857 490 1892 distaniae
509 1862 544 1892 et
563 1857 659 1892 inter
678 1858 813 1902 Seytun
835 1862 870 1891 et
889 1856 1063 1891 Bebehan
1080 1856 1214 1891 Persiae
1232 1856 1404 1891 australis
1425 1856 1596 1900 (Haussk.
1609 1857 1644 1898 1).

372 1922 537 1957 Infauste
557 1932 578 1956 a
599 1922 643 1956 cl.
662 1907 894 1966 ffielakovsky
915 1921 983 1956 loc.
1005 1922 1063 1955 cit.
1089 1932 1167 1955 cum
1188 1921 1230 1955 P.
1250 1920 1354 1955 nivea
1373 1921 1568 1964 conjuncta
1588 1931 1608 1954 a
1631 1921 1702 1964 qua
1721 1919 1880 1954 bracteis

322 1970 435 2004 multo
467 1969 666 2004 minoribus
690 1969 903 2013 laciniisque
931 1969 1102 2013 calycinis
1129 1968 1275 2003 dimidio
1302 1967 1528 2003 brevioribus
1548 1967 1686 2002 obtusis
1706 1977 1771 2001 nec
1796 1966 1879 2002 sub-

321 2017 566 2061 pungentibus
584 2016 717 2051 differt.

331 2162 390 2201 P.
414 2160 644 2208 Sinaica‚
669 2159 778 2201 adde
800 2173 808 2200 :

370 2250 463 2284 Hab.
481 2251 516 2284 in
538 2250 656 2285 Ouadi
677 2250 799 2284 Askar
818 2249 954 2284 deserti
974 2248 1363 2294 AEgyptiaco·Arabici
1385 2247 1633 2292 (Schweinf.!).

208 2396 299 2441 745,
332 2395 430 2432 ante
452 2393 510 2431 P.
543 2392 978 2443 macrosepalam
998 2391 1136 2432 insere
1158 2403 1166 2431 :

365 2481 424 2520 P.
446 2480 605 2520 nivea
626 2480 712 2528 (nc.
735 2480 775 2520 in
797 2479 917 2520 Lam.
937 2479 1093 2532 Encyc.
1111 2478 1163 2527 V,
1186 2478 1255 2530 25)
1269 2478 1447 2526 hirsuta,
1465 2476 1572 2519 foliis
1590 2477 1776 2518 breviter
1794 2477 1882 2517 lan-

312 2533 483 2574 ceolatis
503 2533 653 2581 acutis,
675 2533 857 2573 bracteis
878 2532 1067 2583 oblongis
1090 2532 1224 2572 acutis
1245 2531 1406 2584 calyces
1427 2531 1550 2583 longe
1567 2529 1878 2589 superantibus,

310 2586 461 2638 calycis
490 2586 684 2626 elevatim
714 2586 877 2626 nervosi
911 2585 1070 2626 laciniis
1096 2585 1221 2626 rectis
1250 2587 1429 2636 anguste
1458 2583 1700 2624 lanceolatis
1728 2582 1877 2624 ciliatis

307 2639 429 2679 valde
448 2638 723 2690 inaequalibus
743 2638 878 2679 acutis
897 2637 1089 2690 penicillo
1106 2637 1284 2689 pilorum
1306 2637 1422 2689 apice
1442 2636 1588 2678 obsitis
1614 2639 1673 2683 Ql.
1695 2635 1748 2677 P.
1770 2634 1882 2688 capi-

310 2693 401 2732 tata
422 2691 585 2732 Kerner
604 2691 682 2732 loc.
705 2691 777 2732 cit.
802 2702 882 2731 non
905 2691 1024 2731 alior.

368 2762 462 2796 Hab.
483 2763 518 2796 in
536 2762 690 2796 collibus
716 2762 856 2795 saxosis
879 2761 1011 2795 Atticae
1039 2771 1154 2804 prope
1180 2760 1443 2804 Ampelokipos
1463 2759 1605 2803 (Heldr.
1625 2758 1737 2794 Herb.
1754 2758 1880 2793 Norm.

323 2811 435 2852 560!),
453 2809 498 2843 ad
520 2809 632 2843 Poros
654 2814 689 2843 et
706 2808 901 2852 Naupliam
931 2807 988 2851 (ex
1005 2806 1174 2850 Kerner),
1198 2808 1362 2852 AEgypto
1380 2806 1552 2842 inferiore
1574 2807 1609 2841 in
1629 2806 1782 2841 collibus
1809 2805 1881 2840 cal-

323 2857 438 2891 careis
460 2856 506 2890 ad
526 2857 686 2890 Mariout
703 2866 818 2899 prope
838 2855 1103 2890 Alexandriam
1125 2854 1311 2898 (Letourn.
1330 2854 1377 2888 N⁰
1396 2854 1485 2898 261).

324 2968 349 3003 C
370 2919 612 2974 Ar3Geogr.
643 2921 832 2964 Hispania,
865 2920 986 2955 Gallia
1022 2919 1206 2963 australis,
1235 2919 1368 2963 Sicilia,
1401 2918 1528 2953 Africa
1557 2918 1726 2962 borealis,
1751 2916 1881 2952 insulae

346 2978 574 3002 fanarlenses.
