2094 3351
236 241 250 276 1
259 241 302 277 50

231 321 300 355 Png.

234 870 325 915 947,

972 252 1218 276 SAPmnAcssAE.
1728 241 1908 276 .-Esculus-

334 375 487 436 petalis
508 374 613 414 albis
633 373 777 414 rubro-
794 377 838 413 et
859 373 1214 425 luteo-variegatis
1239 384 1287 414 su
1319 373 1521 414 erioribus
1540 372 1718 421 reflexis,
1738 372 1908 424 capsula

338 427 486 468 inermi
507 428 631 467 ovata
649 426 712 467 vel
732 424 947 478 pyriformi
982 439 1008 477 5
1025 457 1034 466 .
1057 425 1206 467 Camb.
1227 426 1270 466 in
1317 437 1506 478 aequem.
1528 425 1632 477 Voy.
1655 424 1744 466 tab.
1767 427 1830 466 35.
1854 448 1909 453 --

339 480 434 520 Bot.
455 479 570 530 Mag.
594 482 711 519 5117.

398 549 490 584 Hab.
512 551 546 583 in
568 549 764 593 Affghania
786 555 844 583 (ex
865 549 981 583 Hook.
1003 548 1059 583 Fl.
1080 548 1170 583 Brit.
1191 548 1283 590 Ind.)
1305 548 1400 592 (Non
1417 548 1517 591 vidi).

399 614 519 648 Arbor
537 613 803 657 60-70-pedalis
823 614 957 647 cortice
978 613 1118 647 demum
1147 614 1183 648 in
1211 613 1362 647 lacinias
1389 612 1516 657 longas
1540 612 1744 656 secedente,
1771 612 1913 647 semina.

351 661 568 695 animalibus
590 666 625 695 et
643 661 750 694 etiam
769 660 903 694 homini
922 660 1054 694 edulia.

397 721 465 757 Ar.
482 722 742 768 Geogr.Regio
760 723 964 758 Himalaica
984 722 1030 757 ab
1051 723 1139 757 Indo
1159 721 1268 758 fluvio
1288 723 1334 758 ad
1352 723 1546 767 Nepaliam
1566 723 1742 757 4-11000‘.

356 868 494 906 Acer
523 866 1003 917 pseudoplatanuS‚
1027 864 1135 906 adde
1157 877 1166 905 z

400 954 494 989 Hab.
516 955 551 988 in
569 955 684 988 Ponto
704 955 836 988 Lazico
857 964 968 998 supra
983 954 1110 997 Djimil
1130 955 1232 988 6300'
1254 953 1381 998 (Bam)
1401 958 1436 988 et
1455 954 1491 987 in
1513 954 1674 988 Caucaso
1694 953 1788 987 omni
1805 963 1849 987 ex
1865 952 1910 986 cl.

352 1001 541 1046 Ruprecht
561 1002 621 1045 qui
646 1001 902 1036 animadvertit
930 1001 1008 1035 alas
1028 1000 1168 1036 fructus
1192 1001 1242 1036 eis
1262 1001 1399 1044 plantae
1424 1001 1615 1044 Europaeae
1647 1000 1761 1044 magis
1791 1000 1914 1034 conni—

351 1054 476 1084 ventes
496 1059 594 1092 saepe
611 1048 880 1092 subparallelas
897 1058 985 1092 esse,
1004 1047 1092 1082 folia
1107 1058 1249 1092 quoque
1268 1047 1484 1091 profundius
1501 1047 1612 1091 (saepe
1630 1047 1726 1081 ultra
1741 1046 1910 1088 medium)

352 1095 447 1130 fissa.
469 1096 603 1139 Accepi
622 1106 643 1130 a
664 1096 706 1129 cl.
728 1095 906 1130 Brothero
927 1096 1107 1139 specimen
1133 1095 1198 1130 sub
1219 1095 1361 1129 nomine
1381 1096 1426 1130 A.
1450 1094 1689 1129 Trautvetteri
1709 1093 1855 1138 (cujus‘.>
1876 1099 1915 1128 et.

351 1143 412 1177 ubi
429 1143 649 1186 descriptum
659 1142 702 1186 ‘?).

399 1207 451 1241 Cl.
469 1207 626 1241 Masters
647 1206 757 1241 Gard.
777 1206 908 1242 Chron.
929 1208 1029 1250 1877,
1044 1206 1071 1250 Ι,
1086 1217 1119 1250 p.
1135 1208 1190 1249 72,
1207 1205 1267 1250 fig.
1288 1208 1331 1240 10
1347 1205 1413 1240 sub
1428 1206 1571 1240 nomine
1585 1205 1629 1240 A.
1651 1205 1730 1240 Van
1753 1205 1915 1239 Volxemi

355 1255 511 1297 speciem
541 1253 686 1288 affinem
723 1254 894 1297 proponit
930 1253 975 1287 ab
1007 1254 1053 1288 A.
1080 1253 1369 1297 pseudoplatano
1401 1252 1496 1287 foliis
1528 1252 1654 1287 subtus
1683 1251 1915 1296 glaberrimis

354 1302 470 1335 minus
493 1300 674 1344 profunde
695 1300 838 1344 Iobatis,
859 1301 977 1335 nervis
1000 1300 1126 1335 subtus
1145 1301 1261 1335 minus
1281 1299 1567 1344 prominentibus
1587 1299 1804 1334 distinctam.
1824 1299 1915 1333 Haee

356 1348 485 1391 planta
505 1348 540 1381 in
561 1347 778 1382 declivitatis
798 1348 969 1381 australis
987 1348 1137 1383 Caucasi
1154 1347 1251 1382 valle
1269 1348 1368 1381 Yora
1385 1357 1496 1391 supra
1512 1346 1722 1391 Lagodechi
1737 1356 1759 1380 a
1773 1345 1816 1380 cl.
1831 1346 1915 1380 Van

357 1395 510 1429 Volxem
540 1395 576 1428 in
602 1395 783 1429 consortio
812 1394 937 1428 formae
967 1395 1098 1439 typicae
1125 1393 1319 1429 observata
1347 1393 1417 1428 fuit
1446 1400 1481 1428 et
1507 1399 1547 1428 ut
1575 1394 1713 1438 species
1742 1393 1913 1427 distincta

358 1441 496 1485 habita,
517 1441 580 1476 sed
600 1448 695 1475 notae
716 1440 976 1476 differentiales
994 1441 1082 1475 mihi
1101 1441 1204 1476 nimis
1231 1441 1341 1476 leves.
1366 1440 1505 1476 Eadem
1531 1440 1648 1475 forma
1672 1439 1731 1475 vel
1756 1440 1913 1484 analoga

356 1493 410 1522 est
434 1498 476 1523 ea
499 1499 606 1532 quam
634 1488 678 1522 cl.
699 1488 887 1532 Ruprecht
916 1488 981 1523 sub
1007 1489 1151 1523 nomine
1177 1489 1225 1523 A.
1250 1488 1442 1523 Abehasici
1468 1488 1524 1522 Fl.
1552 1488 1657 1523 Cauc.
1680 1498 1715 1531 p.
1735 1488 1803 1521 279
1822 1487 1914 1521 desi—

357 1540 445 1579 gnat
462 1540 498 1570 et
515 1545 596 1579 quae
616 1535 750 1570 sterilis
770 1536 806 1570 in
822 1540 944 1570 monte
961 1535 1132 1570 Bombori
1148 1535 1341 1570 Abchasiae
1362 1545 1384 1570 a
1404 1535 1448 1570 cl.
1468 1535 1672 1570 Wittmann
1691 1534 1788 1569 lecta
1807 1533 1888 1568 fuit.

235 1683 328 1730 949,
360 1681 420 1721 A.
442 1681 630 1721 laetum
660 1693 668 1720 ;
696 1692 745 1721 ex
765 1680 816 1721 el.
840 1679 887 1721 C.
916 1679 1034 1721 Koch
1060 1680 1261 1721 Dendrol.
1291 1679 1382 1722 haee
1409 1680 1568 1732 species
1594 1679 1742 1721 eadem
1771 1684 1836 1721 est
1863 1691 1915 1721 ac

341 1733 395 1774 A.
415 1732 576 1786 pictum
597 1732 764 1774 Thunb.
787 1737 831 1774 et
850 1733 939 1785 ejus
959 1733 1112 1774 limites
1131 1733 1191 1774 sic
1211 1732 1435 1775 definiendi
1457 1745 1466 1774 ε

400 1819 467 1854 Ar.
489 1818 632 1862 fleogr.
649 1820 764 1865 Regio
784 1820 989 1855 Himalaiea
1007 1825 1213 1864 temperata
1231 1825 1320 1865 tota,
1339 1820 1464 1864 China,
1481 1820 1505 1856 J
1507 1821 1651 1865 aponia.

236 1965 328 2012 949,
360 1965 420 2004 A.
445 1962 791 2012 Heldreichii‚
814 1962 922 2004 adde
942 1974 1032 2015 syn.
1058 1975 1067 2004 ε
1092 1963 1148 2004 A.
1170 1964 1478 2016 macropterum
1497 1962 1673 2004 Visiani.

236 2197 328 2244 951,

401 2051 467 2086 Ar.
490 2051 634 2095 Geogr.
655 2052 793 2088 Serbia.

357 2196 416 2236 A.
441 2196 971 2246 Monspessulanum,
990 2195 1099 2237 adde
1120 2208 1129 2237 :

399 2283 492 2318 Hab.
513 2283 647 2328 ubique
666 2285 703 2319 in
720 2284 902 2319 montibus
921 2285 1059 2329 Zagros
1076 2284 1323 2319 Kurdistaniae
1342 2284 1498 2319 Persicae
1529 2285 1670 2319 5-7000‘
1696 2283 1866 2327 (Haussk.
1878 2285 1914 2322 !).

393 2368 430 2419 β.
462 2364 792 2419 microplzyllum
813 2381 827 2407 .-

399 2435 493 2470 Hab.
513 2436 549 2470 in
565 2437 746 2472 montibus
763 2436 909 2481 Sindjar
930 2441 967 2472 et
986 2447 1097 2481 supra
1114 2437 1234 2472 Terek
1250 2437 1524 2481 Mesopotamiae
1545 2435 1760 2481 (Haussk.!).

236 2581 329 2628 952,
360 2579 419 2620 A.
443 2579 805 2630 cinerascens,
828 2580 937 2623 adde
958 2594 967 2622 ε

355 2667 648 2759 (Ηξῖἒεξὶζυιξίᾳυθ
662 2668 698 2703 in
716 2669 897 2705 montibus
918 2669 1002 2704 Kuh
1023 2669 1203 2714 Kilouyeh
1222 2669 1357 2705 Persiae
1374 2668 1752 2705 austro-occidentalis
1769 2670 1912 2703 6-9000‘

235 2867 327 2913 953,
361 2864 632 2905 Dodonaea
651 2864 882 2914 viscosa,
905 2864 1039 2906 adde:

374 2950 549 3033 l{abddita
561 2961 688 3043 f1·e)gno
708 2952 873 2987 Mascate
894 2951 1043 2986 Arabiae
1062 2951 1193 2991 <Auch.
1214 2952 1381 2995 4171A!)
1402 2957 1439 2987 et
1457 2952 1493 2986 in
1513 2951 1710 2997 Affghanib.
1730 2951 1847 2996 (Griff.
1866 2962 1911 2986 ex

353 3008 371 3033 c
390 3025 396 3032 .
446 3008 467 3033 a
537 3008 557 3033 ο
577 3008 615 3034 er
635 3025 642 3032 .
