2094 3351
208 219 275 255 138
982 235 1112 259 alume.
1736 229 1878 265 Linum.

205 300 274 335 Peg.

309 354 406 396 latis
444 356 662 409 oblongo-s
695 357 896 399 athulatis
935 359 1097 399 caeteris
1134 359 1554 413 lineari-spathulatis
1594 364 1876 413 acutiusculis,

311 408 463 467 sepalis
500 409 664 450 lineari·
682 411 911 452 anceolatis
949 412 1082 452 acutis
1115 413 1305 464 margine
1335 419 1494 455 remote
1528 415 1880 466 glanduloso-fim-

310 460 646 562 ffssfigiS-jypetalis
674 462 792 504 flavis
825 464 965 516 calyce
994 464 1118 516 triplo
1147 465 1418 517 longioribus,
1452 468 1721 519 stigmatibus
1754 469 1878 510 linea-

368 585 460 620 Hab.
479 587 515 620 in
533 588 718 622 cacumine
738 589 868 622 montis
889 588 953 623 Ida
975 589 1128 624 Troadis
1151 589 1254 632 (Sint.
1277 591 1343 623 742
1353 590 1386 634 !).

366 650 470 684 Rami
489 657 594 694 parte
616 651 775 687 foliifera
794 653 852 687 vix
870 653 1078 697 pofficares,
1097 653 1184 688 folia
1206 656 1263 688 2-3
1285 654 1398 689 lineas
1420 655 1528 700 longa
1554 655 1628 697 'la-1
1650 657 1737 691 lata.

367 715 488 750 Prima
513 715 634 751 fronte
654 716 764 752 affine
783 717 975 752 videbatur
991 718 1035 752 L.
1056 719 1273 761 ibericiifolio
1299 718 1429 761 (Auch.
1450 721 1486 754 in
1507 720 1620 755 Boiss.
1639 721 1694 755 Fl.
1714 721 1775 756 Or.
1794 725 1876 758 854)

316 763 448 805 speciei
468 763 681 806 imperfecte
709 770 804 799 notae
826 771 861 799 et
881 776 961 808 quae
981 765 1027 799 ad
1048 766 1091 799 L.
1118 767 1338 810 coespitosum
1364 767 1420 801 vel
1441 767 1483 801 L.
1505 768 1642 811 eleyans
1664 768 1877 804 adducenda

319 818 396 843 esse
414 810 568 853 videtur,
590 811 652 845 sed
672 811 751 846 haec
770 822 791 845 a
808 812 938 855 planta
958 812 1055 846 Idaea
1077 813 1198 847 differt
1217 813 1416 848 rhizomate
1437 816 1564 848 revera
1589 814 1876 859 suffrutescente,

319 856 414 891 foliis
432 857 634 892 latioribus.
654 859 782 893 Facies
800 864 835 893 et
855 859 981 894 modus
999 860 1184 894 crescendi
1198 861 1242 894 L.
1261 861 1456 903 aretioidis,
1468 861 1530 896 sed
1544 861 1612 896 hoc
1627 862 1876 898 foliislineari-

318 905 470 939 setaceis
491 904 567 939 basi
587 916 657 939 non
677 905 932 950 glanduliferis
953 906 1060 941 facile
1082 907 1325 951 distinguitur.

198 1037 290 1084 856,
322 1036 376 1076 L.
404 1036 708 1087 Syriacum,
731 1037 840 1078 adde
862 1051 870 1078 ε

363 1124 454 1159 Hab.
477 1125 523 1159 ad
544 1125 645 1160 Afka
665 1125 796 1161 Libani
818 1126 1016 1171 (Peyronl).

197 1257 288 1304 858,
322 1256 378 1296 L.
401 1256 602 1305 album,
627 1256 735 1298 adde
758 1270 766 1298 :

361 1344 454 1378 Hab.
476 1345 511 1378 in
531 1345 746 1388 graminosis
766 1346 896 1379 montis
920 1347 1105 1380 Avroman
1126 1346 1372 1381 Kurdistaniae
1390 1347 1544 1381 Persicae
1565 1358 1679 1391 prope
1703 1347 1820 1382 Darro
1840 1354 1875 1383 et

313 1392 485 1425 montium
508 1392 590 1425 Kuh
608 1394 759 1436 Sawers,
780 1392 945 1427 Eschker
960 1398 996 1427 et
1010 1393 1089 1427 Nur
1104 1394 1237 1428 Persiae
1253 1393 1488 1429 occidentalis
1503 1396 1642 1429 7-8000'
1658 1395 1827 1438 (Haussk.
1839 1395 1874 1439 ἔ).

195 1533 287 1579 860,
318 1535 413 1583 post
435 1532 489 1572 L.
513 1532 790 1572 hirsutum
813 1532 951 1574 insere
975 1545 983 1574 :

353 1619 409 1658 L.
432 1618 871 1669 hyperieifolium
897 1618 1069 1671 (Salisb.
1097 1619 1251 1660 Parad.
1276 1619 1363 1661 tab.
1392 1623 1456 1662 79)
1475 1620 1620 1673 patule
1647 1620 1870 1670 hirsutum,

300 1670 487 1711 caulibus
509 1683 530 1711 e
551 1671 780 1712 rhizomate
808 1672 1005 1713 indurato
1025 1672 1214 1724 pluribus
1235 1674 1385 1714 crassis
1414 1674 1565 1715 erectis
1595 1677 1751 1726 praeter
1780 1687 1874 1726 par-

299 1726 384 1764 tem
405 1723 642 1765 inferiorem
666 1724 833 1765 demum
854 1724 1010 1766 nudam
1032 1726 1178 1766 crebre
1195 1724 1350 1766 foliosis
1371 1727 1489 1778 apice
1511 1726 1697 1768 breviter
1716 1730 1759 1768 et
1779 1739 1866 1768 con—

297 1774 437 1817 fertim
456 1777 726 1829 corymbosis,
749 1776 856 1818 foliis
878 1790 902 1818 a
920 1778 1011 1819 basi
1036 1779 1172 1819 sessili
1192 1779 1422 1820 rotundata
1446 1784 1489 1820 et
1517 1780 1559 1820 in
1591 1780 1873 1831 superioribus

297 1829 806 1871 auriculato-subcordata
837 1830 923 1871 late
961 1831 1404 1883 oblongo-lanceolatis
1442 1833 1576 1873 acutis
1615 1833 1869 1881 5-7-nerviis,

297 1882 483 1935 corymbi
504 1883 631 1924 ramis
653 1883 803 1924 crassis
823 1883 1019 1925 brevibus
1040 1885 1198 1925 strictis
1211 1885 1352 1937 pauci·
1366 1889 1409 1926 et
1425 1884 1672 1934 densifloris,
1689 1885 1870 1926 bracteis

297 1940 477 1987 anguste
508 1935 752 1977 lanceolatis
783 1936 1008 1989 pedicellos
1038 1937 1350 1989 superantibus,
1382 1938 1533 1990 sepalis
1554 1938 1809 1990 glandulosis
1829 1943 1872 1979 et

297 1988 450 2029 villosis
465 1989 925 2041 triangulari-oblongis
941 1991 1206 2039 acuminatis,
1223 1991 1374 2042 petalis
1389 1991 1720 2032 roseo-violaceis
1732 1991 1873 2044 calyce

293 2041 507 2083 multoties
522 2042 794 2093 longioribus,
812 2043 983 2094 capsula
1003 2045 1128 2084 ovata
1146 2043 1307 2084 laciniis
1328 2044 1524 2096 calycinis
1541 2045 1742 2096 superata
1757 2044 1871 2096 pedi-

296 2094 399 2135 cello
420 2106 559 2136 crasso
580 2100 695 2136 recto
716 2097 766 2136 ea
786 2096 974 2137 breviore
1000 2095 1173 2136 suffulta
1197 2096 1382 2137 breviter
1407 2097 1648 2138 acuminata
1679 2100 1738 2144 Ql.
1771 2097 1866 2138 Bot.

296 2147 410 2199 Mag.
433 2148 522 2188 tab.
549 2151 664 2189 1048.
686 2172 738 2176 -
757 2148 812 2189 L.
835 2150 1058 2190 venustum
1078 2149 1278 2190 Andrews
1298 2149 1394 2190 Bot.
1417 2150 1569 2202 Repos.
1593 2149 1682 2191 tab.
1704 2153 1797 2191 477.
1818 2173 1871 2177 —

296 2200 349 2241 L.
378 2200 583 2242 Lazicmn
612 2201 746 2242 Boiss.
781 2202 823 2242 in
851 2201 943 2242 Bal.
979 2213 1064 2242 exs.
1097 2225 1149 2230 —
1182 2201 1234 2243 L.
1270 2201 1486 2244 hirsutum
1517 2215 1605 2243 var.
1638 2202 1870 2256 latzjfolium

295 2253 408 2294 M.B.
433 2253 714 2295 Tama-Cane.
738 2254 771 2303 Ι,
794 2267 835 2307 p.
859 2257 952 2295 253.

352 2326 446 2360 Hah.
468 2327 503 2360 in
524 2327 639 2370 pratis
661 2327 792 2370 alpinis
812 2328 944 2362 montis
969 2327 1190 2361 Bousdouan
1215 2327 1322 2371 Dagh
1349 2327 1455 2361 Ponti
1479 2327 1602 2362 Lazici
1631 2337 1743 2370 supra
1771 2327 1868 2361 Kha-

308 2373 447 2407 backar
461 2375 565 2408 6300'
581 2374 674 2416 (Bal.
686 2374 720 2417 l),
742 2374 777 2408 in
793 2375 954 2409 Caucaso
968 2374 1103 2418 (M.B.),
1119 2375 1281 2409 Caucaso
1300 2375 1453 2409 centrali
1469 2385 1585 2418 prope
1602 2374 1762 2418 Kasbek,
1778 2375 1870 2409 Lars

306 2421 446 2463 (Rehm.
458 2421 492 2465 !),
515 2421 767 2465 Daghestania
788 2421 944 2465 (Becker
956 2421 990 2463 !).

353 2484 483 2519 Caules
512 2484 797 2528 sesquipedales,
830 2484 919 2519 folia
954 2487 1059 2520 12-18
1089 2485 1205 2519 lineas
1239 2484 1348 2528 longa
1387 2486 1446 2519 5-6
1482 2485 1570 2528 lata,
1602 2484 1868 2519 inflorescentia

305 2531 517 2576 corymbosa
538 2531 719 2566 interdum
741 2531 786 2566 ad
815 2534 874 2565 2-4
894 2532 1001 2566 flores
1030 2531 1194 2576 reducta,
1216 2531 1375 2576 corymbi
1395 2533 1485 2566 rami
1515 2531 1695 2566 fructiferi
1725 2542 1867 2576 semper

305 2579 422 2613 stricti
440 2578 675 2613 confertiflori
697 2578 742 2613 ad
760 2590 934 2613 summum
956 2579 1283 2623 sesquipollicares.
1301 2579 1344 2613 L.
1364 2579 1542 2613 hirsutum
1560 2579 1600 2613 L.
1618 2579 1721 2623 Jacq.
1736 2578 1810 2613 tab.
1822 2581 1863 2613 31

304 2626 339 2659 in
360 2626 496 2660 Tauria
524 2637 590 2660 nec
616 2626 739 2660 forsan
763 2627 799 2660 in
820 2627 981 2661 Caucaso
1003 2637 1168 2661 crescens
1194 2625 1315 2660 differt
1339 2626 1435 2660 foliis
1462 2626 1576 2660 multo
1604 2625 1802 2660 minoribus
1831 2631 1866 2660 et

304 2673 575 2716 angustioribus
601 2673 869 2708 sublinearibus
891 2674 1086 2717 trinerviis‚
1113 2674 1266 2708 racemis
1292 2673 1491 2708 fructiferis
1524 2673 1702 2717 elongatis
1727 2673 1866 2707 laxissi-

305 2721 371 2754 mis
393 2720 613 2764 divaricatis,
635 2721 787 2764 capsula
807 2721 915 2765 longe
935 2721 1151 2755 acuminata.
1172 2721 1317 2764 Species
1338 2720 1595 2764 pulcherrima.

185 2853 278 2899 861,
313 2852 367 2890 L.
391 2851 613 2900 humile,
636 2850 746 2892 adde
769 2864 777 2891 ε

350 2940 443 2975 Hab.
462 2941 497 2975 in
521 2941 656 2984 campis
682 2941 790 2985 Cypri
819 2951 935 2985 prope
960 2940 1176 2984 Heptacomi
1198 2939 1303 2984 (Sint.
1326 2945 1361 2975 et
1383 2940 1493 2984 Rigo!
1515 2940 1696 2984 specimen
1717 2939 1762 2973 ob
1782 2949 1864 2982 cap—

305 2988 402 3022 sulas
428 2998 578 3032 magnas
607 2994 642 3022 et
671 2988 760 3022 folia
792 2988 869 3022 lata
896 2987 1001 3032 prob.
1032 2987 1197 3031 cultum),
1229 2987 1360 3022 colitur
1388 2988 1423 3021 in
1452 2987 1604 3031 planitie
1629 2987 1866 3031 Tchagachor
