2094 3351
244 207 289 242 36

244 289 313 322 Pag.

977 221 1198 246 cnufflrssnfl.
1677 213 1918 249 Nasturtium.

248 344 337 389 180,
372 341 436 381 N.
460 341 812 392 amphibium‚
836 341 944 383 adde
966 355 974 382 ;

246 579 334 625 181,

246 810 333 855 182,

244 1094 330 1137 133,

242 1325 329 1370 184,

240 2209 327 2254 184,

242 2652 328 2695 isc,

239 2886 326 2929 iss,

411 429 503 463 Hab.
525 430 559 463 in
580 429 766 473 paludosis
787 429 832 463 ad
855 429 971 464 lacum
992 430 1229 475 Lysimachiae
1250 431 1285 464 in
1308 430 1447 464 AEtolia
1467 430 1654 475 (Heldr.!).

369 577 432 617 N.
455 587 885 627 macrocarpum,
908 575 1016 617 adde
1039 589 1046 616 :

409 663 501 698 Hah.
523 664 558 697 in
580 664 711 707 pinetis
732 662 860 696 Libani
882 662 927 696 ad
948 663 1119 697 Beitmeri
1142 663 1295 708 (Peyron
1309 663 1343 707 !).

367 807 684 858 Alyssopsis
707 806 987 856 Kotschyi,
1011 805 1119 847 adde
1143 819 1150 846 :

406 896 498 930 Hab.
525 897 559 930 in
587 895 723 929 fissuris
751 896 893 938 rupium
921 896 1093 929 montium
1115 897 1253 931 Sawers
1275 901 1310 930 et
1331 896 1412 930 Kuh
1434 896 1513 930 Nur
1534 897 1667 931 Persiae
1688 897 1920 931 austro-occi-

359 943 516 977 dentalis
539 945 724 976 12-13000'
746 943 960 986 (Haussk.!).

363 1090 638 1129 Barbarea
660 1091 900 1136 arcuata,
924 1087 1032 1128 adde
1052 1087 1186 1128 locum
1212 1101 1220 1128 ε

405 1176 638 1210 Pewankotel
662 1175 867 1219 Affghaniae
889 1175 934 1209 ad
956 1186 1068 1219 aquas
1088 1176 1194 1210 8000'
1216 1175 1351 1219 (Aitch.
1373 1177 1462 1218 351).

362 1326 456 1374 post
476 1323 532 1361 Β.
560 1321 800 1361 Siculam
821 1321 958 1361 insere
981 1333 989 1360 :

399 1411 457 1449 B.
489 1409 733 1449 conserta
763 1407 914 1457 (Boiss.
944 1410 987 1447 et
1008 1406 1174 1456 Heldr.)
1195 1406 1383 1448 caulibus
1405 1407 1554 1448 erectis
1578 1408 1728 1448 crassis
1749 1406 1920 1448 sulcatis

344 1462 490 1502 crebre
511 1460 665 1501 foliosis
686 1459 943 1512 simplicibus
963 1459 1027 1501 vel
1048 1460 1237 1507 ramosis,
1261 1458 1368 1500 foliis
1389 1460 1535 1512 lyratis
1564 1464 1782 1511 segmento
1801 1471 1921 1512 supe-

344 1516 453 1555 riore
472 1514 632 1566 maJ'ore
652 1513 824 1553 cordato
843 1513 907 1553 vel
926 1516 1049 1553 ovato
1063 1512 1308 1553 lateralibus
1325 1511 1777 1565 oblongo-spathulatis
1792 1512 1921 1553 omni-

343 1568 421 1608 bus
450 1567 627 1608 sinuatis
656 1566 720 1607 vel
749 1566 933 1607 dentatis
960 1564 1152 1606 foliorum
1182 1577 1231 1605 su
1263 1565 1444 1606 eriorum
1473 1565 1718 1614 minoribus,
1749 1564 1919 1606 fioribus

342 1621 482 1672 parvis
502 1619 657 1673 pallide
677 1619 815 1667 luteis,
838 1618 990 1671 petalis
1009 1618 1227 1659 lineali-ob
1247 1618 1380 1671 ongis,
1398 1619 1574 1659 racemis
1588 1617 1814 1659 fructiferis
1829 1617 1920 1659 bre-

344 1674 521 1714 vissimis
543 1673 584 1713 in
614 1672 832 1724 corymbos
861 1671 1103 1713 terminales
1131 1672 1355 1722 congestis,
1387 1671 1546 1723 siliquis
1574 1671 1695 1712 valde
1724 1669 1919 1712 confertis

343 1725 658 1779 erecto-patulis
693 1725 889 1766 brevibus
923 1724 1160 1777 cylindricis
1193 1723 1339 1776 rigidis
1372 1724 1480 1776 stylo
1513 1735 1656 1765 earum
1694 1723 1919 1764 latitudine

343 1780 529 1832 longiore
548 1778 757 1831 superatis
781 1781 843 1826 [Z.

403 1852 496 1886 Hab.
523 1852 558 1885 in
587 1850 743 1885 humidis
772 1850 929 1894 regionis
958 1849 1085 1884 mediae
1105 1849 1235 1884 montis
1265 1848 1438 1894 Kyllenes
1464 1859 1574 1893 supra
1595 1848 1748 1883 Trikala
1769 1848 1918 1883 Achaiae

355 1900 497 1934 3-4500'
515 1898 654 1941 (Heldr.
675 1900 767 1932 3646
783 1899 817 1941 !).

402 1964 557 2007 Pedalis,
577 1962 685 1997 flores
706 1963 755 1997 eis
773 1972 1013 2005 congenerum
1043 1961 1199 1995 minores
1226 1966 1261 1995 et
1281 1960 1407 2004 petala
1435 1961 1657 2005 angustiora,
1678 1960 1819 2004 siliquae
1840 1970 1917 1994 cum

356 2012 448 2056 stylo
466 2013 550 2045 9-12
571 2011 685 2044 lineas
706 2010 824 2053 longae
848 2010 884 2043 in
910 2019 1073 2043 racemos
1098 2011 1151 2042 1-1
1175 2008 1207 2048 ¹l2
1226 2008 1395 2052 pollicem
1420 2008 1547 2052 longos
1573 2012 1766 2052 congestae,
1791 2006 1918 2051 quibus

356 2059 449 2093 notis
470 2069 491 2092 a
512 2059 556 2092 B.
579 2057 700 2092 Sicula
722 2056 852 2091 differt.

362 2207 419 2245 B.
445 2205 638 2252 minor,
662 2203 771 2244 adde
794 2215 802 2243 ε

402 2294 494 2328 Hal).
516 2294 551 2327 in
572 2292 728 2327 humidis
756 2297 791 2326 et
813 2291 858 2326 ad
880 2292 1015 2325 rivulos
1036 2301 1150 2335 prope
1177 2291 1276 2325 nives
1304 2290 1476 2324 montium
1504 2292 1688 2324 Avroman
1715 2293 1750 2324 et
1775 2289 1917 2325 Schahu

356 2341 600 2375 Kurdistaniae
618 2340 772 2374 Persieae
790 2340 957 2373 9-11000'
979 2338 1194 2382 (Haussk.!).

403 2407 446 2440 B.
468 2407 591 2450 alpina
613 2405 648 2440 C.
671 2404 771 2439 Koch
794 2403 1010 2445 Linn.X1x,
1034 2414 1068 2447 p.
1090 2404 1170 2446 319,
1192 2403 1294 2446 cujus
1315 2402 1455 2438 fructus
1472 2403 1627 2447 ignotus,
1643 2412 1661 2436 e
1676 2401 1917 2445 descriptioni·

355 2454 425 2487 buc
446 2464 589 2497 quoque
610 2458 777 2496 spectare
798 2451 951 2485 videtur.
973 2451 1018 2485 B.
1036 2451 1267 2495 oliyosperma
1285 2451 1321 2485 C.
1343 2449 1445 2483 Koch
1465 2449 1589 2484 eodem
1613 2450 1692 2483 loeo
1714 2458 1857 2493 quoque
1875 2459 1913 2483 ex

356 2501 528 2535 Armenia
549 2500 634 2534 mihi
656 2500 778 2543 ignota
799 2504 834 2533 et
854 2498 957 2542 prob.
978 2498 1022 2532 B.
1043 2498 1199 2542 vulyaris
1213 2497 1270 2532 vel
1292 2497 1500 2532 Barcuacoe
1519 2496 1636 2530 forma
1658 2501 1722 2531 est.

363 2647 729 2687 Cheiranthus
752 2645 1083 2692 CorinthiuS,
1107 2643 1215 2684 adde
1237 2656 1246 2684 t

403 2734 494 2769 Hah.
517 2735 551 2768 in
573 2733 722 2777 rupibus
744 2734 869 2767 summi
891 2733 1022 2767 montis
1041 2733 1172 2766 Lastos
1192 2732 1319 2766 insulae
1341 2731 1552 2775 Karpathos
1574 2730 1702 2773 (Pichl.
1725 2731 1814 2773 4o!).

361 2881 677 2932 Erysimum
706 2878 1136 2930 sisymbrioides,
1159 2876 1267 2918 adde
1290 2890 1297 2917 :

403 2969 494 3002 Hah.
516 2969 550 3002 in
569 2968 694 3002 Persia
715 2967 866 3001 australi
882 2966 928 3000 ad
950 2966 1096 3001 Schiraz
1118 2966 1151 2999 in
1173 2965 1355 2999 ruderatis
1374 2965 1545 3008 (Hauzsk.
1560 2966 1594 3007 !).
