2094 3351
209 231 280 268 254

918 246 1193 272 UMBELMFERAE.
1647 239 1874 284 Pimpinella.

316 378 547 428 segmentis
569 381 635 419 3-5
656 379 818 430 magnis
839 379 1095 431 petiolulatis
1116 380 1179 421 vel
1199 381 1412 422 sessilibus
1429 394 1455 422 a
1472 382 1561 423 basi
1583 382 1750 435 obliqua
1767 387 1882 424 trun-

317 432 413 470 cata
432 430 495 471 vel
516 430 690 471 cordata
711 432 843 472 ovatis
864 432 926 473 vel
956 433 1342 474 ovato-lanceolatis
1369 435 1617 476 acuminatis
1643 439 1765 476 acute
1798 447 1883 476 ser-

315 483 478 530 rulatis,
507 483 764 524 caulinorum
791 496 840 525 su
872 485 1050 525 eriorum
1077 485 1362 527 subsessilium
1387 490 1614 539 segmentis
1641 487 1882 529 lanceolatis

316 535 438 576 valde
465 535 694 584 diminutis,
724 536 848 578 umbe
869 537 915 578 lis
947 538 1280 586 8-12-radiatis,
1315 540 1526 584 involucro
1556 540 1883 592 involucelloque

317 588 454 636 nullis,
487 587 626 629 fructu
654 593 776 629 ovato
801 601 980 641 superne
1006 594 1226 631 attenuato
1254 591 1462 642 hispidulo
1487 593 1551 634 vel
1577 591 1663 633 fere
1688 592 1882 644 glabrato

313 640 425 692 jugis
447 641 633 682 obscuris
652 644 709 688 Qi.
728 641 780 682 P.
801 642 1013 695 trifoliata
1028 642 1152 683 Wall.
1175 644 1270 684 cat.
1294 647 1383 685 565.
1402 669 1454 673 —
1470 645 1792 687 Hctlosciadimn'
1809 645 1884 687 tri-

307 692 517 745 ιβοῑιῗαΐιιηι
537 698 579 734 et
597 694 655 735 H.
677 693 903 747 pubescens
923 708 1008 744 nc„
1032 695 1178 736 Prodr.
1202 696 1274 745 IV,
1301 700 1388 738 106.

329 763 724 853 (Altlalb.irs3511'311brosis
753 762 898 799 ditionis
926 765 1061 799 Kuram
1090 765 1295 810 Affghaniae
1321 766 1368 801 ad
1392 767 1566 802 Shendtoi
1595 773 1629 802 et
1656 767 1882 803 Pewerkotal

376 822 385 844 1
406 822 422 844 c
439 823 460 844 1.
482 816 515 845 ὅ
563 839 568 844 .
590 839 597 845 .

378 875 499 909 Cauiis
521 874 752 918 2—4-pedalis,
773 881 959 919 segmenta
986 875 1155 910 foliorum
1183 876 1393 911 inferiorum
1420 888 1517 921 saepe
1544 880 1564 911 2
1584 878 1735 922 pollices
1763 878 1882 922 longa,

331 921 422 955 radii
443 921 684 956 umbellarum
707 922 873 965 pollicem
895 933 1022 966 parum
1042 923 1266 958 excedentes.

375 984 442 1018 Ar.
467 984 609 1028 Googr.
632 986 744 1030 Regio
765 986 968 1021 Himalaica
989 991 1067 1021 tota
1089 987 1134 1021 ad
1156 987 1292 1022 Khasia
1312 998 1434 1031 usque.

213 1118 305 1164 873,
337 1121 431 1168 post
453 1118 510 1156 P.
534 1118 1017 1168 peucedanifoliam
1036 1118 1172 1158 insere
1195 1131 1202 1158 :

210 2082 303 2129 875,

372 1206 429 1243 Ρ.
464 1206 766 1245 nudicaulis
800 1204 993 1255 (Trautv.
1027 1204 1156 1257 Stirp.
1190 1205 1295 1246 Nov.
1327 1206 1472 1247 Descr.
1501 1206 1552 1255 V,
1582 1219 1623 1259 p.
1653 1207 1694 1253 5)
1722 1207 1885 1259 glaber-

315 1258 435 1306 rima,
457 1257 560 1298 collo
581 1258 745 1309 petiolis
765 1259 941 1299 vetustis
967 1258 1112 1310 rigidis
1133 1259 1303 1310 stipato,
1327 1259 1445 1300 caule
1465 1263 1604 1300 erecto
1625 1260 1742 1312 apice
1760 1271 1885 1312 parce

315 1322 479 1351 ramoso
498 1314 653 1362 praeter
671 1311 845 1363 vaginas
863 1311 916 1351 ad
930 1322 1140 1352 ramorum
1162 1315 1299 1352 ortum
1320 1311 1660 1353 membranaceas
1682 1313 1885 1353 lanceola—

317 1367 382 1403 tas
421 1363 602 1416 aphyllo,
645 1362 750 1404 foliis
789 1364 980 1404 omnibus
1017 1363 1270 1404 radicalibus
1310 1364 1431 1416 longe
1474 1365 1684 1416 petiolatis
1723 1365 1885 1406 ambitu

315 1416 504 1467 oblongis
525 1416 861 1468 bipinnatisectis
887 1417 1115 1468 segmentis
1142 1417 1294 1468 bijugis
1321 1417 1534 1458 sessilibus
1560 1418 1719 1459 laciniis
1745 1419 1884 1470 parvis

316 1469 728 1510 linea1·i›-lanceolatis
771 1470 1034 1517 acuminatis,
1079 1469 1271 1510 umbellae
1314 1469 1442 1510 radiis
1481 1474 1576 1511 7-10
1613 1471 1885 1523 inaequalibus

318 1521 485 1562 demum
513 1523 755 1570 contractis,
780 1522 990 1562 involucro
1017 1522 1355 1574 involucellisque
1384 1523 1522 1570 nullis,
1554 1522 1693 1564 fructu
1719 1523 1885 1576 juniore

316 1574 510 1626 oblongo,
533 1575 777 1627 stylopodiis
799 1575 1020 1627 depressis,
1043 1575 1161 1627 stylis
1182 1575 1316 1627 longis
1336 1575 1542 1627 depressis
1570 1580 1627 1622 Qi.

375 1646 467 1680 Hab.
489 1646 523 1679 in
543 1647 722 1680 Armeniae
743 1647 901 1681 Rossicae
922 1647 1066 1690 pascuis
1087 1646 1333 1681 Kasikibaran
1351 1647 1455 1681 dictis
1478 1647 1649 1691 (Radde!)
1672 1648 1769 1691 (Vidi
1788 1658 1886 1692 spec.

329 1693 436 1727 valde
455 1694 708 1737 imperfectum
728 1694 763 1727 in
783 1694 884 1728 herb.
904 1694 948 1728 cl.
970 1694 1146 1737 Trautv.).

377 1759 499 1793 Caulis
527 1759 674 1803 gracilis
703 1759 978 1802 sesquipedalis,
1006 1758 1174 1793 foliorum
1207 1759 1341 1793 lamina
1373 1760 1662 1803 sesquipollicem
1689 1760 1797 1804 longa
1825 1761 1885 1795 6-7

329 1806 444 1840 lineas
465 1806 541 1840 lata
563 1806 702 1840 laciniis
723 1806 854 1840 lineam
878 1806 962 1840 latis
982 1808 1041 1840 2-3
1063 1806 1177 1840 lineas
1199 1806 1314 1850 longis
1334 1806 1483 1850 integris
1504 1812 1539 1840 et
1555 1806 1696 1850 trifidis,
1717 1807 1885 1841 umbellae

328 1853 422 1888 radii
446 1856 499 1887 1-1
517 1854 725 1897 'sti-pollices
746 1853 855 1897 longi.
876 1854 1020 1897 Species
1038 1852 1159 1887 fructu
1177 1854 1368 1887 immaturo
1389 1854 1606 1897 incomplete
1627 1860 1711 1888 nota
1731 1854 1771 1888 P.
1786 1855 1884 1888 saxi-

325 1901 446 1945 frayae
466 1900 494 1938 β.
514 1901 757 1944 dissectifolz'oe
777 1900 907 1944 affinis,
928 1900 991 1935 sed
1013 1900 1176 1935 caulibus
1202 1900 1359 1945 aphyllis
1381 1900 1458 1935 basi
1483 1901 1627 1945 petiolis
1654 1901 1779 1946 rigidis
1804 1911 1883 1945 per-

329 1948 540 1983 sistentibus
556 1954 594 1982 ut
615 1949 649 1982 in
668 1959 800 1992 genere
821 1948 1090 1983 Sclerochorton
1109 1949 1252 1991 stipatis
1273 1947 1427 1982 diversa.

336 2080 389 2121 ad
410 2079 565 2120 calcem
587 2080 751 2131 generis
770 2080 1093 2130 pimpinella
1112 2080 1248 2120 insere
1271 2091 1278 2119 :

784 2200 949 2254 Species
970 2214 1050 2241 non
1072 2199 1179 2241 satis
1200 2202 1311 2241 nota.

372 2307 430 2347 P.
453 2306 733 2357 tripartita
753 2305 909 2356 (Aitch.
932 2310 975 2347 et
996 2305 1155 2346 Hemsl.
1173 2305 1321 2346 Journ.
1344 2305 1466 2346 Linn.
1485 2305 1576 2346 Soc.
1594 2305 1706 2354 XIX,
1729 2318 1770 2358 p.
1795 2308 1882 2354 164,

317 2359 406 2400 tab.
433 2360 498 2409 11)
519 2359 712 2411 perennis
739 2359 993 2411 glaberrima
1019 2359 1181 2411 glauca,
1204 2358 1345 2399 radice
1372 2358 1646 2399 crassiuscula
1672 2358 1882 2411 elongata,

317 2412 545 2453 caudiculis
565 2412 842 2464 squamulosis
861 2411 982 2452 nudis
1004 2411 1142 2452 caules
1163 2411 1339 2463 graciles
1358 2411 1535 2452 humiles
1557 2411 1820 2452 divaricatim
1842 2417 1885 2452 et

315 2477 441 2518 parce
479 2476 666 2506 ramosos
704 2464 940 2512 edentibus,
982 2463 1088 2505 foliis
1120 2465 1257 2516 parvis
1291 2465 1440 2505 crassis
1469 2463 1733 2505 inferioribus
1764 2464 1886 2516 longe

316 2518 527 2570 petiolatis
549 2517 802 2558 trifoliolatis
830 2517 977 2558 foliolis
1033 2517 1259 2558 etiolulatis
1288 2517 1675 2558 obovato-cuneatis
1708 2516 1884 2558 obtusis·

317 2572 420 2612 sime
455 2571 662 2619 3-5-lobis,
697 2570 980 2623 superioribus
1042 2571 1197 2611 reviter
1229 2569 1439 2622 petiolatis
1472 2569 1687 2610 diminutis
1720 2570 1762 2610 in
1794 2581 1886 2621 seg-

316 2629 461 2665 menta
495 2624 669 2664 linearia
702 2624 867 2674 integra
899 2622 1165 2674 subpedatim
1200 2623 1381 2674 partitis,
1414 2622 1604 2663 umbellis
1637 2622 1883 2666 triradiatiS.

317 2677 553 2717 umbellulis
583 2676 754 2717 minutis
781 2675 1033 2728 paucifloris,
1063 2675 1275 2727 pedicellis
1301 2675 1568 2723 brevissimis,
1603 2675 1814 2716 involucro
1844 2680 1887 2715 et

317 2729 574 2770 involucellis
596 2729 731 2777 nullis,
762 2729 902 2769 ovario
924 2728 1084 2780 glabro,
1113 2727 1346 2780 stylopodio
1378 2728 1564 2769 breviter
1594 2728 1735 2769 conico
1767 2727 1885 2779 stylis

316 2783 501 2823 recurvis
523 2794 570 2823 eo
590 2781 930 2822 subbrevioribus
950 2785 1148 2833 superato
1175 2784 1211 2827 Di
1224 2813 1233 2821 .

375 2852 468 2886 Hah.
496 2853 590 2886 inter
616 2852 755 2895 lapides
778 2851 930 2886 mobiles
960 2851 1006 2885 ad
1036 2851 1216 2885 Drakalla
1243 2851 1347 2885 vallis
1376 2851 1513 2885 Kuram
1546 2850 1750 2895 Affghaniae
1782 2852 1885 2885 9000'

330 2900 480 2942 (Aitch.)
503 2899 597 2942 (Non
618 2899 714 2942 vidi).

379 2964 511 2998 Planta
529 2964 828 3007 9-10-pollicaris,
855 2962 1022 2997 foliorum
1051 2962 1258 2997 inferiorum
1283 2969 1467 3005 segmenta
1496 2964 1554 2995 7-8
1577 2962 1691 2996 lineas
1716 2962 1824 3006 longa
1850 2967 1886 2997 et

332 3011 419 3045 lata.
440 3012 593 3045 Fructus
611 3017 773 3045 maturus
794 3021 863 3044 non
884 3016 989 3044 notus
1011 3015 1043 3044 et
1065 3010 1144 3044 ideo
1164 3020 1276 3054 genus
1295 3010 1380 3044 mihi
1402 3009 1658 3043 subincertum.
