2115 3250
189 201 333 247 Crepc's.
927 213 1151 238 comosirAE.
1806 204 1874 239 :325

192 283 231 309 Pa
254 302 261 309 .

188 290 287 384 84g4,
318 339 413 388 post
434 338 488 377 C.
512 336 758 388 glabram
778 337 915 377 insere
938 349 946 376 :

354 423 407 462 C.
444 422 771 470 Murmanni,
807 421 961 473 pallide
992 422 1129 462 virens
1156 425 1248 462 tota
1272 422 1417 463 setulis
1451 422 1643 465 flexuosis
1677 425 1870 465 mollibus

299 474 508 515 viscidulis
546 475 696 522 obsita,
736 474 878 514 radice
908 475 1150 526 praemorsa,
1186 474 1292 515 foliis
1325 475 1578 516 radicalibus
1612 477 1869 527 longiuscule

298 527 510 579 petiolatis
533 527 738 578 elongatis
764 527 925 578 lyratis,
959 531 1176 578 segmento
1205 528 1414 568 terminali
1446 540 1599 580 magno
1631 530 1870 570 ovato-sub-

298 579 469 620 cordato
502 591 645 631 grosse
679 583 850 619 crenato
883 579 1056 620 dentato
1088 580 1253 628 obtuso,
1286 580 1530 621 lateralibus
1565 582 1763 633 utrinque
1804 586 1870 623 2-:3

296 632 435 683 parvis
456 631 611 672 dissitis
631 631 960 683 triangularibus
981 633 1114 673 acutis
1132 644 1251 673 secus
1273 637 1431 673 costam
1448 639 1627 685 anguste
1648 634 1871 675 decurren-

297 684 424 733 tibus,
457 684 574 725 caule
606 684 716 725 elato
747 684 1022 725 crassiusculo
1053 685 1202 726 striato
1236 686 1465 737 composite
1497 687 1742 739 corymboso
1775 688 1870 728 sub-

295 736 524 777 umbellato
544 736 829 789 polycephalo,
852 736 959 777 foliis
986 738 1160 778 caulinis
1194 738 1278 778 late
1305 739 1869 792 auriculato-amplexicauli-

294 789 373 830 bus
411 789 575 830 acutius
614 789 799 830 dentatis
835 790 1009 831 summis
1046 792 1554 838 attenuato-acuminatis,
1594 792 1777 833 bracteis
1815 794 1870 834 ad

295 841 574 883 umbellarum
606 842 725 883 basin
755 845 819 883 1-2
840 843 978 894 parvis
1007 844 1199 892 setaceis,
1229 844 1423 895 capitulis
1443 844 1737 894 mediocribus,
1761 846 1870 898 caly-

295 894 376 934 culi
395 894 545 947 phyllis
567 897 634 935 5-6
656 895 986 946 triangularibus
1006 897 1143 937 acutis
1163 896 1376 937 involucro
1403 897 1637 950 quadruplo
1669 898 1867 939 breviori-

290 946 386 995 bus,
409 947 608 988 involucri
632 948 877 999 nigricantis
897 949 1059 989 minute
1078 949 1271 1001 puberuli
1291 949 1442 1002 phyllis
1465 950 1693 991 linearibus
1714 952 1869 992 acumi-

293 1000 417 1048 natis,
440 1000 578 1052 ligulis
599 1000 724 1041 luteis
745 1000 964 1052 elongatis,
989 1001 1171 1043 acheniis
1197 1003 1358 1043 striatis
1388 1003 1506 1054 apice
1537 1004 1602 1043 vix
1634 1005 1867 1045 attenuatis

292 1064 431 1104 pappo
451 1053 696 1105 aequilongis
721 1057 779 1101 91.
1640 1075 1644 1079 *

354 1121 447 1156 Hab.
468 1123 504 1156 in
524 1123 678 1157 collibus
695 1123 872 1158 calcareis
903 1123 950 1158 ad
980 1124 1129 1158 Flemur
1153 1135 1269 1169 prope
1296 1125 1510 1170 Byzantium
1533 1126 1782 1170 (Murmannl).
1813 1127 1869 1161 Fl.

305 1169 415 1203 Maio.

353 1234 636 1279 Sesquipedalis,
656 1234 745 1269 folia
765 1236 825 1270 6-8
855 1235 943 1279 poll.
965 1236 1075 1280 longa
1096 1242 1281 1280 segmento
1302 1238 1490 1281 superiore
1510 1237 1730 1281 bipollicari.
1748 1238 1866 1273 Valde

304 1280 424 1315 affinis
450 1280 486 1317 Ο.
510 1282 757 1326 lampsanoidi
781 1293 802 1316 a
823 1284 895 1326 qua
917 1282 1039 1317 differt
1065 1282 1162 1318 foliis
1188 1284 1341 1319 caulinis
1371 1284 1527 1328 abrupte
1559 1285 1865 1320 caudato-acumi-

305 1329 411 1372 natis,
432 1328 603 1373 corymbo
623 1329 868 1374 polycephalo
889 1331 1087 1374 composite
1107 1330 1319 1375 umbellam,
1340 1332 1509 1376 capitulis
1530 1332 1739 1367 minoribus.

183 1481 279 1526 845,
314 1479 367 1519 C.
394 1478 604 1519 Sieberi
625 1482 662 1533 β.
683 1479 923 1532 Munqierz',
942 1480 1051 1521 adde
1071 1493 1079 1521 :

350 1566 445 1602 Hab.
461 1567 498 1601 in
518 1566 684 1602 faucibus
703 1567 882 1603 umbrosis
901 1569 1033 1603 montis
1053 1569 1183 1605 Lastos
1203 1570 1330 1605 insulae
1351 1571 1565 1615 Karpathos
1584 1571 1745 1615 (Pichler
1759 1572 1794 1615 !).

180 1712 277 1758 846,
310 1710 361 1751 C.
386 1711 730 1760 Reuteriana‚
754 1711 890 1753 adde:

305 1798 443 1889 (Ξῌξιὶῖ).
463 1799 499 1833 in
516 1799 688 1844 Bithynia
708 1810 823 1844 prope
843 1801 1001 1836 Broussa
1016 1801 1145 1845 (Pichl.
1158 1803 1178 1847 !)
1195 1807 1230 1837 et
1248 1803 1285 1837 in
1305 1803 1460 1838 dumetis
1481 1804 1635 1839 Troadis
1656 1803 1702 1838 ad
1722 1804 1863 1839 Renkoi

343 1857 379 1879 ln
401 1873 425 1880 ..
446 1873 453 1880 .

178 1988 276 2034 849,
312 1987 365 2027 C.
387 1987 701 2037 parviflora‚
725 1987 834 2029 adde
854 2001 862 2029 ε

348 2073 441 2107 Hab.
459 2074 495 2107 in
516 2073 696 2108 fruticetis
717 2075 825 2118 Cypri
844 2075 890 2109 ad
909 2075 1107 2110 Prodromo
1124 2077 1173 2111 ΝΟ
1192 2078 1277 2111 808!
1299 2083 1335 2111 et
1356 2088 1471 2122 prope
1492 2078 1683 2122 Kalorgha
1704 2080 1806 2117 (Sint.
1829 2085 1864 2113 et

301 2120 393 2164 Rigo
422 2120 473 2155 Νο
504 2122 616 2166 2832),
648 2122 683 2155 in
719 2122 882 2167 AEgypto
916 2123 962 2157 ad
995 2123 1168 2158 Kahiram
1207 2123 1433 2170 (Sickenb.!)‚
1462 2126 1498 2159 in
1530 2125 1667 2161 ditione
1702 2127 1863 2172 Fayoum

301 2167 548 2213 (Schweinf.!)‚
569 2169 605 2202 in
626 2169 781 2203 Oasibus
802 2171 916 2213 parva
935 2175 970 2204 et
988 2173 1120 2215 magna
1143 2172 1375 2215 (Aschers.!).

177 2322 274 2367 849,
308 2321 362 2361 C.
387 2321 614 2370 Cretica,
640 2321 748 2363 adde
769 2335 777 2363 z

348 2407 440 2442 Hab.
461 2408 497 2441 in
517 2408 628 2443 aridis
648 2409 798 2444 Malaxa
820 2410 937 2445 Cretae
958 2409 1196 2454 (Reverch.!).

177 2563 274 2608 852,
309 2562 363 2601 C‘..
387 2562 755 2613 Kotschyana,
779 2563 888 2605 adde
910 2577 918 2605 :

303 2647 503 2738 (HHab.kin)
527 2650 685 2694 Assyriae
712 2649 855 2685 deserto
880 2651 975 2686 inter
1000 2650 1147 2685 fluvium
1169 2651 1357 2687 Chaboras
1378 2657 1413 2687 et
1434 2658 1590 2688 montem
1618 2653 1765 2697 Sindjar
1793 2654 1861 2687 sito

352 2705 435 2729 auss

178 2851 275 2897 852,
310 2849 363 2889 C.
399 2849 748 2897 senecioides‚
794 2850 902 2892 adde
937 2864 946 2891 ε
985 2864 1034 2892 ex
1067 2852 1118 2892 cl.
1155 2852 1350 2894 Aschers.
1386 2854 1427 2894 in
1463 2854 1547 2895 litt.
1583 2854 1663 2895 hnc
1698 2866 1773 2896 nec
1808 2855 1860 2895 ad

288 2900 764 3006 {inivggenrgnusuiigffltam
783 2902 999 2944 referenda
1023 2909 1088 2945 est
1109 2903 1255 2958 Crepis
1282 2905 1477 2948 radicata
1506 2906 1652 2948 Forsk.
1676 2907 1738 2948 Pl.
1762 2907 1861 2959 AEg.
