2115 3250
187 230 365 267 Girsz'um.
923 239 1145 263 COMPOSITAE.
1800 226 1868 262 309

188 312 258 346 Pag.

295 364 445 405 radicis
484 364 660 416 obliquae
699 362 813 403 fibris
851 361 1101 413 cylindricis,
1143 361 1262 402 caule
1305 361 1481 412 simplici
1530 360 1640 401 elato
1685 372 1866 412 superne

295 416 491 468 adpresse
526 428 629 457 cano
665 414 936 465 1-3-cephalo,
973 413 1080 454 foliis
1114 413 1357 454 lanceolatis
1392 413 1640 453 acuminatis
1674 414 1739 453 vix
1766 413 1865 453 den-

295 469 479 509 ticulatis
510 467 891 520 spinuloso-ciliatis
923 478 1051 517 supra
1083 466 1313 506 virentibus
1345 465 1493 506 subtus
1528 466 1864 505 araneoso-canis

294 522 335 562 in
355 523 534 572 utraque
553 521 707 572 pagiua
727 519 888 560 minute
907 519 1116 565 setulosis,
1138 518 1393 558 radicalibus
1413 519 1453 558 in
1475 518 1676 569 petiolum
1696 518 1865 558 brevem

294 574 538 620 attenuatis,
554 573 727 613 caulinis
739 571 952 612 sessilibus
967 571 1056 611 basi
1073 571 1222 611 obtuse
1238 569 1676 611 auriculam-cordatis
1692 570 1865 610 summis

295 626 588 677 angustissime
625 624 875 671 linearibus,
914 623 1106 674 capitulis
1144 623 1435 674 pedunculatis
1474 623 1627 670 ovatiS,
1666 622 1867 662 involucri

296 678 415 718 valde
435 677 699 718 arachnoidei
733 676 884 728 phyllis
913 675 1240 727 adpressissimis
1273 675 1367 715 villo
1398 675 1592 715 connexis
1622 674 1867 714 lanceolatis

295 730 544 771 acuminatis
581 730 622 769 in
661 730 824 780 spinam
863 731 1032 768 tenuem
1075 728 1244 768 brevem
1293 727 1545 768 abeuntibus
1590 726 1865 767 exterioribus

293 795 441 835 parum
461 782 731 830 abbreviatis,
755 781 918 822 corollae
938 792 1068 821 roseae
1088 780 1248 821 laciniis
1269 780 1371 820 tubo
1398 779 1738 820 subbrevioribus
1766 782 1824 825 Q.

354 854 447 888 Hab.
468 854 503 887 in
523 853 678 887 humidis
699 853 829 886 montis
849 852 932 886 Rilo
951 852 1117 886 Thraciae
1139 852 1326 895 (Pancicl).

354 916 541 960 Bipedale,
555 916 644 950 folia
659 915 833 949 inferiora
844 915 1115 958 5-6-pollicaria
1126 915 1295 958 pollicem
1307 914 1394 958 lata,
1407 914 1568 957 capitula
1579 913 1728 957 magnit.
1741 923 1865 947 eorum

313 962 349 998 Ο.
368 963 576 998 Pannonici
594 963 649 997 cui
668 961 777 997 affine
796 967 831 996 et
852 961 947 1005 quod
969 961 1091 996 differt
1120 961 1224 996 caule
1257 972 1413 1004 superne
1441 961 1590 1005 aphyllo
1624 965 1659 995 et
1688 959 1865 994 involucri

304 1010 540 1054 glabriusculi
560 1010 694 1054 phyllis
714 1009 936 1044 abbreviatis
956 1008 1154 1043 imbricatis
1175 1008 1220 1042 ab
1242 1008 1372 1042 infimis
1389 1007 1435 1043 ad
1450 1008 1576 1042 intima
1591 1007 1722 1042 sensim
1737 1007 1864 1041 auctis.

186 1131 281 1177 541,
316 1130 369 1169 G.
393 1139 605 1177 canum,
628 1127 736 1168 adde
759 1140 768 1167 ;

354 1216 447 1251 Hab.
464 1217 501 1251 in
521 1217 676 1262 oryzetis
695 1216 863 1251 Thraciae
884 1226 999 1260 prope
1018 1215 1291 1259 Philippopolin
1312 1214 1516 1259 (Pichlerl).

188 1340 281 1384 543,
316 1337 368 1377 C.
393 1337 886 1387 appendiculatum,
910 1334 1017 1375 adde
1040 1325 1055 1375 :¹
1072 1334 1159 1375 Vis.
1182 1333 1244 1374 Fl.
1268 1334 1406 1375 Dalm.
1429 1332 1573 1385 Suppl.
1602 1332 1677 1373 alt.
1707 1332 1795 1373 tab.
1825 1335 1863 1373 3.

353 1424 447 1459 Hah.
464 1425 500 1459 in
520 1425 666 1469 regione
686 1424 847 1459 abietina
866 1424 998 1458 montis
1015 1423 1112 1458 OEtae
1132 1423 1353 1457 Phthiotidis
1369 1424 1582 1457 4500-6000‘
1605 1421 1795 1465 (Heldr.!).

189 1550 281 1596 546,
317 1549 369 1588 C.
393 1548 731 1598 cynaroides,
755 1547 863 1588 adde
886 1560 894 1587 :

354 1635 447 1670 Hab.
467 1636 504 1670 in
523 1636 641 1671 insula
661 1636 849 1681 Zacyntho
870 1635 920 1670 ad
938 1635 1086 1670 Litakia
1107 1634 1355 1678 (Letourneux
1369 1634 1404 1676 l).

193 1762 281 1808 ¹354,
316 1760 704 1811 Chamaepeuce
725 1760 906 1811 Alpini
926 1762 963 1814 β.
988 1757 1270 1811 camptolepis,
1294 1757 1403 1799 adde
1425 1771 1433 1799 :

310 1846 448 1934 (PHffi).
479 1846 525 1937 ῧᾶ
548 1857 657 1890 rupes
684 1846 856 1881 Garouna
881 1847 1047 1890 Corcyrae
1075 1845 1309 1890 (Letourn.!),
1336 1845 1467 1880 montis
1494 1844 1592 1879 Atho
1619 1845 1655 1879 in
1677 1845 1866 1880 maritimis

354 1904 385 1927 ic
430 1904 513 1928 er..

360 1955 420 1991 Oh.
438 1956 719 2001 ynaphalioides
734 1966 790 1991 ne.
807 1966 849 1991 ex
871 1955 1043 1991 Calabria
1059 1965 1081 1990 a
1106 1954 1169 1991 Ch.
1190 1955 1321 1999 Alpini
1337 1965 1408 1989 non
1428 1954 1595 1999 specifice
1616 1954 1748 1990 differt.

189 2091 283 2135 554,
318 2088 409 2128 Ch.
431 2087 711 2136 fruticosa,
734 2086 844 2127 adde
867 2099 876 2127 :

354 2174 448 2209 Hab.
466 2174 513 2209 ad
532 2185 641 2218 rupes
660 2175 791 2209 montis
807 2174 1090 2219 Pentadactylos
1109 2174 1218 2219 Cypri
1238 2174 1342 2218 (Sint.
1364 2179 1400 2208 et
1420 2174 1557 2218 Rigol).

355 2239 595 2274 Characteres
615 2239 710 2274 inter
727 2239 821 2273 hanc
838 2243 874 2273 et
898 2238 962 2274 Oh.
976 2239 1108 2282 Alpini
1128 2239 1232 2273 nimis
1252 2237 1411 2283 fugaces.

188 2374 282 2420 557,
317 2372 530 2420 cynara
554 2371 956 2422 Sibthorpiana,
979 2370 1088 2412 adde
1110 2383 1118 2411 :

355 2458 448 2492 Hab.
468 2459 503 2492 in
525 2459 633 2503 Cypri
649 2458 830 2493 montibus
850 2468 965 2502 prope
984 2458 1160 2502 Kythraea
1183 2457 1285 2502 (Sint.
1301 2462 1336 2492 et
1357 2457 1494 2502 Rigoll,
1515 2456 1562 2492 ad
1577 2457 1736 2492 Mariout
1751 2467 1866 2501 prope

311 2505 573 2540 Alexandriam
594 2505 748 2550 AEgypti
766 2506 803 2539 in
820 2505 974 2540 collibus
994 2505 1190 2539 humilibus
1210 2505 1442 2545 lLetourn.!).

358 2568 521 2603 Achenia
535 2578 650 2612 parva
670 2569 790 2612 g.·iSea
806 2568 1109 2603 fusco-maculata
1126 2572 1236 2602 ovata
1256 2566 1533 2611 subcompressa
1553 2576 1625 2601 non
1641 2566 1829 2610 angulata.

191 2703 283 2749 559,
319 2700 643 2752 Onopordon
662 2702 1004 2750 Acanthium‚
1026 2700 1134 2742 adde
1154 2713 1162 2742 :

358 2788 451 2823 Hab.
471 2789 507 2823 in
526 2789 622 2824 valle
645 2788 783 2824 Kuram
801 2789 1007 2833 Affghaniae
1025 2788 1163 2833 (Aitch.
1184 2791 1250 2824 871
1268 2789 1302 2833 !).

193 2923 286 2969 561,
317 2924 412 2972 post
435 2920 493 2960 Ο.
518 2921 799 2972 Illyricum
818 2921 955 2962 insere
977 2933 985 2961 :

357 2990 415 3031 Ο.
440 2991 576 3032 Illex
596 2990 755 3042 (Janka
774 2991 919 3032 Descr.
943 2990 1005 3031 Pl.
1027 2989 1133 3031 Nov.
1155 3002 1197 3042 p.
1220 2990 1262 3041 2)
1281 2989 1762 3031 canescenti-floccosum
1787 2988 1870 3040 spi-
