2115 3250
205 221 390 257 Johrem'a.
900 229 1175 254 [insatiam-:uffa
1810 212 1876 247 267

202 303 273 337 pag.
309 355 551 396 lanceolatis
576 354 844 401 brevissimis,
867 352 1104 394 umbellulis
1131 352 1182 392 'ob
1216 351 1439 403 pedicellos
1470 350 1618 391 breves
1651 347 1877 400 compactis

308 407 559 460 paucifloris,
581 407 730 459 petalis
751 405 888 454 luteis,
912 404 1073 445 fructus
1094 402 1311 457 (J'unioris)
1327 404 1441 455 Jugis
1459 403 1544 443 late
1567 400 1776 450 vittiferis,
1795 400 1879 440 val-

312 460 454 501 leculis
475 460 664 511 angustis
684 459 871 500 evittatis
899 461 956 504 Q.

370 530 462 564 Hah.
482 529 703 621 {nofgucibus
726 529 881 563 humidis
908 528 1038 562 montis
1064 527 1180 561 Haemi
1206 526 1371 560 Thraciae
1395 536 1510 569 prope
1538 524 1690 559 Kalofer
1721 523 1880 559 (Pichler

325 587 400 612 exs.
420 584 459 611 n⁰
505 580 520 610 1
558 603 590 610 ..

371 641 501 677 Caules
521 651 599 675 cum
617 640 787 684 panicula
807 640 963 683 angusta
983 639 1154 682 elongata
1170 637 1332 681 pedales,
1353 636 1441 671 folia
1462 636 1638 670 radicalia
1654 637 1713 669 3-4
1731 634 1881 678 pollices

327 689 436 732 longa
465 698 507 722 ea
533 687 741 722 Peucedam'
771 686 936 721 Chabroei
967 685 1177 728 referentia,
1206 685 1268 719 sed
1298 684 1439 718 laciniis
1471 688 1737 727 segmentorum
1768 681 1882 715 multo

323 734 561 778 brevioribus,
581 734 749 768 umbellae
770 744 892 776 parvae
914 733 1092 767 diametro
1111 734 1170 766 6-7
1189 732 1304 766 lineas
1323 736 1462 765 tantum
1478 731 1574 764 latae.
1593 730 1749 764 Fructus
1765 733 1881 761 matu-

322 792 382 816 ros
401 792 472 816 non
491 781 576 824 vidi,
594 781 657 816 sed
674 781 812 824 species
833 780 878 814 ob
893 780 984 824 juga
1010 782 1029 814 5
1059 780 1133 813 late
1160 780 1355 813 univittata
1379 784 1414 812 et
1431 777 1629 811 valleculas
1650 778 1672 810 4
1692 774 1881 809 filiformes

322 829 417 863 inter
433 829 629 864 Johrenias
647 828 768 872 potius
788 838 894 871 quam
912 827 1006 861 inter
1025 827 1240 861 Peucedana
1259 826 1417 860 militare
1438 824 1593 867 videtur,
1614 833 1739 867 margo
1759 827 1882 856 tamen

325 877 361 910 in
381 880 478 910 statu
494 875 640 919 juniore
659 885 730 909 non
750 874 909 909 inflatus.

210 1013 326 1059 1013,
354 1011 402 1050 J.
422 1020 588 1050 aurea
611 1022 619 1050 z

370 1097 453 1132 Vidi
484 1098 519 1131 in
551 1097 721 1132 herbario
754 1097 798 1131 cl.
833 1096 881 1130 D‘
912 1096 999 1130 Post
1030 1095 1265 1140 Berythensis
1297 1105 1340 1128 ex
1373 1094 1558 1128 cacumine
1587 1091 1717 1126 montis
1747 1090 1882 1125 Sannin

324 1144 453 1179 Libani
492 1145 687 1188 specimina
724 1144 818 1178 hanc
852 1149 988 1187 praeter
1020 1143 1171 1177 lacinias
1206 1141 1375 1175 foliorum
1414 1140 1618 1184 paullulum
1655 1139 1810 1172 minores
1847 1142 1882 1171 et

323 1192 439 1236 magis
459 1191 644 1226 confertas
661 1191 804 1225 omnino
825 1190 1040 1234 referentia3
1062 1189 1201 1224 fructus
1221 1194 1342 1223 tamen
1358 1188 1508 1222 deerant
1526 1193 1561 1221 et
1580 1187 1709 1230 planta
1729 1185 1883 1219 ulterius

323 1238 590 1283 investiganda.

213 1372 327 1417 1017,
361 1369 745 1408 Peucedanum
767 1367 1133 1408 Ruthenicum
1156 1379 1164 1407 :

373 1456 424 1491 Cl.
444 1456 493 1490 Dr
518 1457 604 1490 Post
623 1456 719 1491 misit
743 1457 924 1499 specimen
945 1454 1145 1490 floriferum
1166 1455 1201 1488 in
1223 1456 1363 1488 Amano
1390 1454 1501 1498 Syriae
1528 1453 1604 1487 bor.
1627 1452 1760 1486 lectum
1788 1450 1885 1495 quod

326 1503 404 1537 haec
424 1504 562 1547 species
580 1514 657 1538 esse
677 1503 828 1537 videtur.

210 1639 332 1730 1018i
358 1638 417 1730 ἓ.
438 1637 770 1742 ἶνὲῐ(ιί]ᾳ9υἷη,
793 1636 901 1677 adde
915 1648 1006 1688 syn.
1029 1648 1036 1676 :
1057 1635 1252 1677 Bmzz'um
1269 1633 1582 1687 minutisolium
1602 1632 1627 1674 J
1631 1632 1742 1673 anka
1759 1632 1883 1673 Brev.

338 1723 346 1740 ,
408 1697 422 1712 ⁰
533 1702 583 1731 ex
605 1701 694 1742 ipso
720 1721 729 1730 .

373 1778 467 1812 Hab.
484 1778 520 1811 in
540 1777 722 1812 montibus
747 1778 884 1812 Parnes
911 1778 1043 1812 Atticae
1071 1787 1186 1820 prope
1212 1776 1402 1811 Dekeliam
1431 1781 1465 1810 et
1493 1775 1643 1809 Kokkos
1664 1774 1885 1808 Phthiotidis

328 1824 511 1869 (Heldr.!),
525 1825 561 1859 in
581 1825 739 1859 Thracia
759 1824 898 1859 boreali
920 1825 1013 1859 inter
1033 1824 1146 1858 Aidos
1168 1829 1203 1858 et
1223 1822 1423 1858 Karnabad
1444 1822 1619 1865 (Janka2).

212 1956 327 2003 1019,
362 1955 419 1993 P.
444 1954 890 2005 depauperatum,
913 1952 1021 1994 adde
1045 1965 1053 1993 :

372 2043 466 2077 Hab.
484 2042 519 2077 in
538 2042 722 2078 montibus
743 2044 884 2077 Amano
906 2042 1018 2087 Syriae
1039 2042 1116 2077 bor.
1132 2047 1168 2076 et
1183 2041 1410 2086 Akkerdagh
1424 2052 1539 2085 prope
1553 2040 1725 2075 Marasch
1741 2039 1887 2083 (Postl).

212 2189 327 2235 1019,
358 2188 454 2237 post
476 2186 535 2226 P.
563 2185 994 2236 depauperatum
1014 2185 1150 2226 insere
1173 2198 1182 2226 ε

370 2272 429 2311 P.
456 2271 915 2322 Spreitzenhoferi
943 2271 1138 2323 (Dingler
1164 2271 1207 2312 in
1227 2270 1352 2311 Flora.
1375 2273 1489 2318 1883,
1512 2282 1553 2322 p.
1577 2270 1672 2316 210)
1694 2269 1888 2321 glabrum

316 2323 600 2376 glaucescens,
625 2323 854 2364 rhizomate
874 2324 1115 2376 pluricipiti,
1141 2323 1328 2364 caulibus
1354 2323 1549 2364 tenuibus
1570 2324 1730 2363 striatis
1757 2322 1844 2363 fere
1865 2335 1889 2363 a

315 2376 406 2417 basi
443 2376 735 2417 ramosissimis
773 2377 899 2417 ramis
931 2377 1088 2417 strictis
1121 2376 1368 2417 dichotomis
1402 2375 1680 2424 filifoimibus,
1716 2375 1889 2416 ramulis

318 2429 412 2470 imis
431 2440 644 2470 ramorum
662 2428 932 2477 brevissimis,
955 2429 1062 2470 foliis
1083 2429 1349 2470 inferioribus
1356 2461 1453 2478 ......
1477 2429 1650 2469 caulinis
1675 2432 1717 2469 et
1736 2429 1889 2469 rameis

317 2481 371 2522 ad
390 2482 563 2534 vaginas
583 2482 982 2523 ovato-lanceolatas
1010 2482 1211 2530 reductis,
1233 2482 1511 2523 umbellarum
1541 2481 1669 2522 radiis
1700 2484 1767 2522 2-5
1795 2480 1890 2521 bre-

314 2534 433 2575 vibus
453 2534 575 2575 valde
594 2535 869 2587 inaequalibus
891 2535 1058 2576 demum
1076 2536 1249 2583 strictis,
1272 2535 1484 2575 involucro
1505 2534 1713 2581 subnullo,
1731 2534 1890 2574 involu-

317 2587 408 2628 celli
436 2587 586 2647 phyllis
613 2590 680 2629 2-5
708 2587 894 2629 breviter
921 2587 1393 2635 lanceolato-subulatis,
1422 2587 1660 2628 umbellulae
1686 2585 1890 2627 4-8-fl01·ae

314 2639 526 2692 pedicelhs
563 2640 755 2689 setaceis,
795 2641 946 2692 petalis
983 2641 1122 2692 parvis
1160 2641 1305 2687 luteis,
1346 2640 1507 2680 fructus
1547 2640 1682 2691 glabri
1718 2639 1889 2690 elliptici

317 2693 506 2744 margine
534 2692 709 2733 dilatato
741 2692 912 2733 dimidio
944 2693 1145 2734 albumini
1174 2693 1385 2745 aequilato,
1416 2692 1529 2744 jugis
1566 2696 1587 2733 3
1620 2692 1889 2733 interioribus

316 2746 502 2785 tenuiter
533 2744 796 2787 filiformibus
828 2747 991 2787 caeteris
1023 2745 1109 2786 fere
1139 2746 1336 2786 obsoletis
1366 2745 1558 2786 omnibus
1586 2745 1889 2797 aequidistanti-

313 2797 406 2845 bus,
430 2797 729 2838 vallecularum
748 2798 865 2839 vittis
885 2799 1082 2839 solitariis
1104 2798 1365 2839 filiformibus
1393 2802 1450 2844 91.

376 2867 469 2902 Hah.
495 2868 531 2901 in
559 2868 733 2912 lapidosis
758 2869 876 2903 Ouadi
905 2869 1011 2903 Falui
1043 2869 1246 2903 Antilibani
1275 2880 1386 2913 supra
1418 2869 1514 2904 anb
1545 2869 1651 2903 Jenin
1684 2869 1890 2913 Coelesyriae

330 2915 509 2958 <Dingler)
532 2920 568 2949 et
588 2915 633 2949 ad
654 2915 857 2959 Nikephori
878 2916 1083 2950 Palaestinae
1106 2916 1430 2959 (Spreitzenhofcr)
1455 2916 1548 2959 (Non
1568 2916 1664 2959 vidi).

375 2978 432 3012 Ex
453 2979 498 3012 cl.
516 2984 666 3014 auctore
686 2978 796 3014 affine
817 2979 858 3013 P.
880 2980 1031 3024 Meyer-i,
1052 2980 1091 3013 P.
1114 2981 1360 3024 depauperato
1381 2987 1415 3014 et
1436 2981 1638 3023 praesertim
1662 2980 1701 3013 P.
1722 2980 1890 3023 scopario
