2115 3250
217 228 341 264 Silene.
967 237 1140 261 SILENEAE.
1844 224 1885 259 91

217 309 308 410 3⁸82,
344 362 397 402 S.
417 361 647 408 viscosa,
670 359 777 400 adde
800 372 808 399 ε

379 448 473 482 Hab.
498 448 534 482 in
562 446 718 481 vallibus
742 446 883 491 frigidis
910 447 1041 480 montis
1066 445 1191 480 Kellal
1211 445 1355 480 ditionis
1375 444 1580 479 Bachtiaris
1596 444 1731 479 Persiae
1750 447 1893 478 austro-

334 494 566 530 occidentalis
586 494 703 528 forma
720 493 837 537 major
861 493 1011 537 capsula
1031 492 1260 536 carpophoro
1284 492 1453 535 sextuplo
1479 491 1642 535 longiore
1669 491 1889 535 (Haussk.!).

217 645 307 691 583,
343 643 396 683 S.
419 643 617 691 Heben,
641 641 748 683 adde
769 654 778 682 z

378 729 471 763 Hah.
492 729 527 763 in
547 729 710 774 AEgypto
729 739 844 772 prope
864 727 1127 762 Alexandriam
1148 727 1382 771 (Letourn.!).

379 792 466 826 Haec
485 792 625 836 species
644 803 723 826 cum
741 796 914 835 sequente
934 802 956 826 a
975 791 1019 825 cl.
1039 790 1167 826 Heldr.
1188 790 1361 825 distincta
1377 790 1563 834 hucusque
1583 789 1734 824 confusa
1751 788 1843 822 fuit:

376 943 429 983 S.
454 942 736 983 Reinholdi
757 941 922 992 (Heldr.
947 940 1101 983 Sertul.
1124 941 1166 982 in
1188 941 1278 982 Atti
1304 940 1458 992 Congr.
1489 940 1569 980 Fir.
1602 938 1722 989 1874)
1752 939 1894 979 omnia

322 995 364 1037 S.
402 995 549 1036 Belzen
583 994 631 1036 L.
701 998 828 1036 raeter
863 997 985 1035 notas
1022 997 1245 1046 sequentes
1274 1006 1282 1034 :
1318 994 1417 1034 folia
1447 992 1644 1034 inferiora
1676 992 1894 1033 obtusiora

319 1051 579 1096 mucronata,
610 1060 662 1100 pe
694 1047 870 1088 unculus
896 1046 1009 1088 floris
1037 1047 1162 1087 alaris
1189 1046 1329 1099 calyce
1360 1046 1536 1098 longior,
1571 1045 1690 1097 calyx
1722 1044 1893 1085 demum

319 1100 515 1142 ovoideus
536 1100 653 1152 apice
677 1100 798 1140 valde
823 1101 1074 1140 constrictus
1101 1099 1192 1140 basi
1223 1102 1468 1140 attenuatus
1495 1110 1572 1139 nec
1604 1097 1889 1146 umbilicatus‚

319 1153 489 1205 capsula
521 1153 774 1205 subglobosa
800 1166 824 1193 a
855 1153 917 1193 ice
937 1153 1322 1193 comeo-attenuata
1348 1155 1391 1192 et
1417 1151 1601 1203 calycem
1620 1150 1888 1202 subaequans,

320 1207 476 1247 lamina
495 1206 658 1246 intense
678 1217 798 1246 rosea
847 1205 988 1246 imidio
1016 1205 1144 1258 calyci
1170 1204 1405 1256 aequilonga
1430 1203 1585 1252 biloba,
1616 1203 1777 1244 semina
1803 1206 1894 1244 4-5-

319 1259 482 1300 sulcata
501 1258 741 1300 echinulata
759 1261 822 1307 Θ.

377 1329 470 1364 Hab.
490 1330 526 1363 in
551 1330 691 1364 saxosis
717 1330 874 1373 regionis
893 1328 1075 1364 inferioris
1101 1334 1137 1363 et
1161 1333 1342 1363 montanae
1363 1328 1512 1362 Graeciae
1535 1328 1571 1362 in
1598 1327 1764 1362 faucibus
1792 1337 1890 1361 mon—

330 1378 417 1411 tium
437 1377 598 1421 Hymetti
620 1382 654 1411 et
670 1377 807 1411 Parnes
826 1377 974 1420 Atticae,
994 1376 1164 1411 Parnassi
1184 1386 1299 1419 prope
1318 1375 1494 1419 Delphos,
1514 1375 1634 1409 insula
1663 1375 1756 1408 Lero
1778 1374 1893 1408 Phar-

330 1434 557 1458 macusarum
579 1423 768 1467 (Heldr.!).

376 1487 493 1521 Valde
519 1486 638 1521 affinis
666 1487 702 1521 S.
729 1487 849 1521 Behen
864 1487 901 1520 in
918 1486 1060 1521 Graecia
1077 1491 1113 1520 et
1133 1486 1212 1529 ejus
1232 1486 1368 1529 insulis,
1387 1485 1572 1528 Anatolia‚
1593 1485 1708 1528 Syria,
1726 1484 1890 1528 AEgypto

333 1535 508 1569 crescenti
530 1534 633 1577 cujus
653 1533 740 1567 folia
761 1533 972 1577 angustiora
993 1538 1027 1567 et
1045 1533 1222 1576 acutiora,
1243 1532 1351 1566 flores
1377 1532 1498 1566 alares
1518 1532 1727 1566 brevissime
1753 1531 1891 1574 pedun-

332 1581 456 1625 culati,
488 1581 594 1625 calyx
631 1580 710 1615 basi
742 1580 983 1623 umbilicatus,
1015 1579 1220 1623 petalorum
1252 1579 1387 1613 lamina
1416 1578 1556 1622 pallida
1587 1578 1799 1613 brevissima
1829 1578 1890 1611 vix

331 1633 488 1671 exserta,
508 1628 659 1671 capsula
680 1627 803 1672 calyce
822 1627 1014 1661 manifesto
1035 1627 1179 1661 brevior
1200 1631 1235 1660 et
1255 1627 1391 1660 semina
1411 1625 1805 1669 rugoso-tuberculata.

367 1776 468 1817 Post
491 1777 544 1817 S.
573 1777 756 1817 Behen
777 1779 819 1816 et
843 1776 895 1815 S.
920 1775 1204 1816 Reinholdi
1222 1775 1359 1816 insere
1382 1787 1390 1815 :

373 1865 426 1905 S.
451 1863 773 1905 Holzmanni
794 1862 961 1914 (Heldr.
984 1862 1108 1915 Mss.)
1133 1862 1282 1915 glabra
1302 1863 1586 1914 glaucescens,
1609 1862 1728 1902 caule
1741 1861 1890 1902 stricte

318 1920 361 1958 et
378 1917 534 1969 pluries
555 1916 790 1957 dichotomo
810 1916 1020 1968 ramisque
1040 1915 1339 1964 crassiusculis,
1361 1915 1468 1956 foliis
1494 1915 1736 1956 lanceolatis
1755 1914 1889 1955 utrin-

317 1981 396 2021 que
416 1970 647 2010 attenuatis
673 1969 966 2010 obtusiusculis
996 1969 1169 2010 summis
1194 1968 1673 2009 lanceolam-linearibus
1707 1968 1890 2008 acutius-

318 2022 440 2070 culis,
483 2021 656 2062 dichasii
697 2022 944 2063 internodiis
986 2021 1261 2070 brevissimis,
1303 2021 1443 2074 calyce
1486 2020 1667 2062 florifero
1710 2020 1892 2072 oblongo

316 2074 719 2115 rubello-reticulato
741 2074 936 2116 dentibus
956 2075 1089 2116 ovatis
1115 2074 1275 2115 obtusis
1302 2074 1393 2115 basi
1423 2078 1602 2126 angusto
1627 2073 1887 2121 umbilicatO,

317 2126 531 2168 fructifero
560 2126 706 2168 inflato
739 2131 862 2168 ovato
889 2127 981 2168 basi
1010 2130 1231 2168 attenuato
1257 2139 1339 2168 non
1366 2127 1624 2175 umbilicato,
1652 2126 1889 2178 petalorum

317 2180 472 2220 lamina
490 2180 653 2220 minuta
671 2179 813 2221 biloba
831 2192 854 2221 e
874 2180 1014 2232 calyce
1028 2181 1095 2221 vix
1115 2183 1158 2221 et
1175 2180 1362 2221 breviter
1377 2181 1556 2228 exserta,
1579 2179 1751 2232 capsula
1766 2180 1894 2220 ovata

316 2233 382 2272 vix
401 2233 453 2273 sti
486 2233 594 2273 itata
614 2232 754 2285 calyce
776 2233 842 2273 vix
861 2232 1066 2282 breviore,
1089 2233 1317 2274 seminibus
1351 2233 1472 2274 dorso
1499 2232 1890 2285 quinque-seriatim

316 2284 466 2326 echinu
484 2285 565 2326 atis
585 2284 690 2326 facie
712 2286 902 2326 concavis
920 2288 984 2335 Θ.

374 2356 467 2390 Hab.
489 2357 526 2391 in
554 2357 703 2400 scopulo
731 2357 912 2391 maritimo
947 2357 1135 2401 Arpedoni
1166 2357 1365 2392 insularum
1392 2357 1721 2391 Pharmacusarum
1754 2357 1890 2391 Atticae

331 2403 488 2447 (Heldr.!
509 2409 544 2438 et
563 2404 811 2447 Holzmannl).

374 2467 492 2502 Valde
512 2467 632 2502 affinis
652 2468 686 2502 S.
701 2468 823 2503 Behen
833 2481 844 2512 ,·
861 2478 906 2503 an
924 2469 1003 2512 ejus
1022 2469 1182 2503 varietas
1201 2468 1453 2513 salsuginosa?
1471 2468 1605 2502 Differt
1620 2467 1889 2502 inflorescentia

329 2514 373 2548 ob
386 2514 590 2549 internodia
610 2514 824 2549 abbreviata
841 2518 1039 2560 coarctata,
1057 2516 1161 2550 caule
1187 2520 1223 2550 et
1247 2516 1357 2550 ramis
1381 2516 1524 2559 crassis,
1551 2515 1735 2560 calycibus
1763 2515 1891 2549 fructi-

329 2560 415 2595 feris
435 2572 505 2595 non
526 2561 756 2605 umbilicatis,
771 2562 966 2597 seminibus
986 2564 1147 2597 seriatim
1166 2563 1393 2597 echinulatis.
1413 2564 1444 2596 A
1459 2562 1494 2597 S.
1515 2562 1709 2597 Rez‘nholdi
1727 2561 1890 2596 inflores-

327 2609 458 2652 centia,
475 2608 689 2652 pedunculis
709 2609 839 2644 crassis
859 2609 1091 2654 brevissimis,
1112 2609 1263 2653 capsula
1283 2610 1387 2653 apice
1406 2620 1476 2643 non
1502 2611 1695 2644 attenuata
1721 2614 1757 2643 et
1784 2613 1889 2653 peta—

328 2655 444 2689 lorum
462 2655 596 2689 lamina
614 2656 760 2690 minima
778 2655 899 2690 distat.

210 2803 302 2849 584,
337 2801 391 2842 S.
412 2802 717 2850 tenuissora‚
740 2802 848 2843 adde
870 2814 878 2843 :

375 2889 469 2924 Hab.
490 2889 535 2924 ad
554 2890 680 2933 pedem
701 2891 844 2935 rupium
862 2892 957 2926 inter
976 2891 1105 2927 Vinica
1125 2897 1160 2926 et
1178 2892 1325 2926 Elmalu
1346 2892 1465 2937 Lyciae
1483 2894 1582 2926 3000‘
1604 2892 1732 2936 <Pichl.
1746 2894 1781 2936 !).
