2094 3351
213 233 230 266 1
238 232 281 267 42

213 313 282 346 Pag.

210 1370 304 1414 876,

903 244 1156 268 ‹ienAxmcr-m.
1680 236 1886 271 Ger-unium.

319 366 470 425 sepalis
492 366 678 425 aristatis
699 366 897 425 adpresse
912 366 1034 426 hirtis
1048 366 1188 418 petala
1202 379 1414 428 purpurea
1428 368 1594 419 integra
1609 368 1887 420 aequantibus,

319 418 696 513 ἓιζιέὶίιῧαὶιῗέιξὲε
709 418 865 512 llpggils,
881 430 1078 523 Iselrniggae9
1097 423 1341 460 tenuissime
1373 420 1790 473 lineolato-punctato
1829 425 1886 468 Ql.

378 541 470 574 Hab.
491 541 527 574 in
542 541 702 575 herbidis
723 541 829 575 vallis
850 541 987 575 Kuram
1007 541 1211 585 Affghaniae
1230 541 1399 586 frequens
1421 543 1624 586 (Aitehison
1644 545 1753 586 2202).

377 602 444 636 Ar.
465 602 608 645 Geogr.
630 604 744 648 Regio
766 604 980 647 Himalaica,
1001 605 1170 649 Ceylona,
1190 605 1358 648 Japonia.

375 735 429 773 G.
453 734 879 774 Wallichianum
914 734 1070 787 (Sweet
1097 735 1194 777 Ger.
1225 736 1313 777 tab.
1345 736 1413 787 90)
1463 749 1617 778 erenne
1636 738 1728 790 plus
1754 739 1890 780 minus

317 785 495 838 pilosum
510 787 575 827 vel
595 786 752 828 hirtum
769 788 834 828 vix
855 788 1162 839 glandulosum,
1180 789 1367 830 caulibus
1383 801 1429 830 ro
1462 790 1566 831 ustis
1586 791 1735 832 erectis
1756 803 1891 833 ramo-

316 839 388 886 siS,
411 838 518 880 foliis
539 841 789 891 pentagonis
809 839 1014 892 profunde
1035 841 1226 882 3-5-lobis
1246 843 1474 893 segmentis
1493 842 1774 885 rhomboideis
1795 855 1890 885 acu-

316 892 487 933 minatis
507 896 631 933 acute
651 893 804 941 incisis,
827 893 881 934 sti
914 893 992 934 ulis
1013 899 1055 934 et
1075 894 1256 935 bracteis
1278 895 1362 935 late
1382 895 1515 936 ovatis
1535 895 1710 945 obtusis,
1732 896 1890 949 pedun-

317 944 420 985 culis
440 945 683 986 axillaribus
703 945 859 987 bifloris
897 946 975 987 olio
996 946 1266 998 longioribus,
1283 947 1496 999 pedicellis
1511 948 1682 989 tandem
1703 949 1887 998 deflexis,

316 997 468 1049 sepalis
489 998 666 1050 sparsim
687 1002 729 1039 et
749 998 871 1050 longe
920 999 1030 1040 ilosis
1051 999 1175 1051 longe
1195 1001 1395 1049 aristatis,
1413 1001 1563 1053 petalis
1578 1003 1740 1053 magnis
1761 1003 1890 1043 roseis

318 1050 508 1091 obovatis
535 1052 688 1092 retusis
716 1051 857 1104 calyce
914 1052 1008 1104 uplo
1036 1052 1306 1104 longioribus,
1330 1053 1520 1105 carpellis
1548 1055 1704 1106 pilosis,
1733 1056 1891 1096 semine

318 1103 556 1144 laeviusculo
583 1107 642 1150 Ql.
668 1104 813 1157 Wight
832 1104 945 1146 Icon.
971 1105 1058 1146 tab.
1080 1109 1171 1146 324.

378 1175 470 1209 Hab.
483 1176 518 1209 in
530 1175 685 1210 humidis
700 1177 794 1211 inter
806 1175 955 1211 frutices
966 1177 1073 1211 vallis
1085 1177 1222 1211 Kuram
1236 1177 1440 1221 Affghaniae
1452 1180 1617 1212 8-10000'
1627 1177 1764 1222 (Aitch.
1776 1180 1841 1213 761
1855 1179 1890 1222 ἔ).

377 1238 443 1272 Ar.
466 1239 609 1282 Geogr.
631 1241 745 1284 Regio
765 1241 971 1275 Himalaica
992 1247 1208 1286 temperata.

341 1368 394 1407 G.
418 1368 707 1417 Ibericum,
731 1368 839 1409 adde
862 1381 870 1409 :

377 1455 470 1489 Hab.
498 1456 533 1489 in
562 1457 709 1500 regione
739 1456 864 1500 alpina
892 1457 998 1491 Ponti
1024 1457 1145 1491 Lazici
1171 1468 1282 1501 supra
1311 1458 1438 1502 Djimil
1468 1460 1571 1492 7500‘
1600 1459 1727 1499 (Bam)
1755 1463 1791 1493 et
1816 1469 1890 1493 var.

332 1504 361 1540 [²1.
377 1503 641 1547 platypetalum
660 1504 695 1537 ¹'n
717 1503 843 1538 eadem
864 1504 961 1538 valle
981 1506 1084 1538 6000'
1104 1505 1200 1548 (Bal.
1213 1506 1250 1549 ἔ).

378 1567 430 1601 Cl.
452 1567 641 1610 Ruprecht
659 1568 713 1602 Fl.
731 1569 837 1603 Cauc.
859 1568 901 1603 G.
922 1568 1099 1603 Ibericum
1117 1575 1152 1603 et
1174 1569 1218 1603 G.
1239 1570 1500 1614 platypetalum
1527 1569 1694 1613 specifice
1721 1569 1892 1604 distincta

330 1614 454 1657 habet,
473 1614 535 1649 sed
550 1621 686 1658 praeter
704 1615 792 1650 folia
813 1616 929 1650 miuus
947 1615 1127 1659 profunde
1151 1615 1265 1650 divisa
1286 1623 1321 1651 et
1340 1616 1644 1651 inflorescentiam
1671 1617 1891 1661 subglandu-

331 1662 444 1695 losam
469 1663 680 1705 posterioris
702 1663 934 1697 characteres
956 1663 1076 1697 nullos
1103 1664 1290 1708 graviores
1319 1663 1434 1707 video,
1461 1663 1648 1699 filamenta
1675 1665 1710 1698 in
1737 1669 1891 1708 utroque

330 1709 412 1751 plus
432 1710 547 1743 minus
570 1710 688 1753 pilosa
715 1710 771 1744 vel
792 1709 935 1753 glabra,
955 1711 1091 1745 semina
1112 1711 1177 1745 sub
1198 1711 1296 1745 lente
1316 1722 1386 1744 non
1413 1710 1550 1754 favosa,
1575 1712 1638 1746 sed
1659 1712 1891 1746 subtilissime

331 1756 732 1791 lineato-subareolata.
757 1757 800 1792 G.
816 1759 1075 1802 yymnocaulon
1094 1768 1148 1792 nc.
1170 1763 1289 1792 autern
1309 1769 1353 1792 ex
1378 1758 1422 1792 cl.
1443 1758 1632 1802 Ruprecht
1656 1759 1700 1793 ob
1726 1759 1890 1793 valvulas

329 1804 572 1847 carpellorum
592 1810 800 1839 transverse
821 1815 972 1849 rugosas
992 1815 1057 1839 nec
1077 1805 1185 1840 laeves
1212 1806 1397 1849 propriam
1423 1807 1579 1849 speciem
1608 1807 1702 1840 sistit
1731 1807 1781 1841 sic
1805 1805 1890 1840 defi-

330 1850 497 1885 niendam
519 1863 525 1884 :

371 1984 425 2023 G.
448 1984 845 2035 qymnocaulon
875 1984 962 2034 (Dc.
985 1983 1132 2025 Prodr.
1155 1983 1188 2033 I,
1211 1997 1252 2036 p.
1277 1984 1371 2036 640)
1392 1987 1547 2036 praeter
1567 1984 1728 2038 calyces
1748 1985 1891 2037 patule

316 2035 499 2077 hirsutos
519 2037 612 2088 pilis
633 2037 767 2089 longis
790 2036 1040 2078 destitutum
1062 2036 1136 2078 sed
1157 2037 1355 2089 adpresse
1374 2037 1576 2078 hirtulum
1592 2038 1656 2078 vel
1676 2037 1884 2089 glabrum,

312 2089 434 2130 caule
460 2094 615 2138 erecto,
645 2089 751 2130 foliis
777 2090 1279 2142 pentagono-orbiculatis
1305 2091 1345 2131 in
1374 2095 1593 2141 segmenta
1620 2090 1890 2132 rhomboidea

316 2141 523 2193 profunde
542 2143 582 2183 in
611 2143 783 2183 lacinias
812 2143 989 2184 lineares
1016 2143 1146 2184 incisa
1174 2143 1229 2183 ad
1257 2143 1377 2184 basin
1403 2155 1535 2195 usque
1562 2144 1745 2195 partitis,
1774 2143 1891 2185 inflo-

315 2196 524 2235 rescentia
548 2195 599 2236 ob
626 2195 882 2247 pedunculos
910 2195 1058 2237 breves
1091 2195 1294 2244 conferta,
1323 2196 1473 2248 petalis
1499 2196 1721 2237 malvaceis
1750 2197 1891 2257 calyce

317 2247 443 2300 duplo
464 2248 734 2299 longioribus,
758 2249 932 2290 valvulis
953 2248 1125 2289 hirsutis
1146 2253 1212 2299 (ex
1232 2249 1506 2301 Ruprechtio)
1525 2250 1702 2301 rugosis,
1725 2250 1890 2291 semini-

313 2300 392 2341 bus
411 2302 596 2341 tenuiter
614 2301 1029 2342 lineolato-areolatis
1063 2305 1121 2349 Ql.
1152 2302 1205 2344 G.
1238 2301 1452 2343 Ibericum
1478 2319 1515 2354 γ.
1547 2301 1890 2354 brachytrz'clcmn

316 2353 449 2394 Boiss.
472 2353 534 2394 Fl.
559 2353 632 2396 Or.
655 2373 700 2387 Ξ-
725 2353 776 2395 G.
800 2354 1132 2407 amethystin‘mn
1151 2354 1254 2395 Led.

376 2425 469 2459 Hab.
490 2426 525 2459 in
546 2427 692 2470 regione
710 2426 834 2470 alpina
855 2427 1007 2461 Caucasi
1028 2427 1200 2461 centralis
1222 2432 1258 2461 et
1279 2427 1466 2462 orientalis
1487 2429 1697 2462 7500-9000'
1718 2427 1890 2472 (Rupr.!).

373 2565 427 2603 G.
461 2564 697 2603 Benardi
728 2563 922 2613 (TrautV.
958 2563 1115 2605 Decad.
1144 2564 1207 2605 Pl.
1235 2563 1340 2605 Nov.
1370 2567 1484 2612 1882,
1514 2577 1554 2616 p.
1588 2566 1628 2614 5)
1648 2564 1889 2616 eglandulo-

315 2627 422 2663 sum,
446 2616 635 2657 caulibus
656 2629 678 2657 e
703 2616 933 2657 rhizomate
954 2628 1093 2658 crasso
1113 2617 1279 2669 obliquo
1298 2629 1478 2669 superne
1496 2629 1717 2669 squamoso
1738 2620 1888 2659 erectis

315 2669 432 2721 apice
471 2669 717 2710 dichotomis
753 2669 807 2709 ad
842 2669 1135 2710 dichotomiam
1175 2670 1329 2711 foliosis
1368 2674 1567 2711 caeterum
1606 2670 1727 2711 nudis
1759 2675 1807 2711 ut
1846 2674 1888 2711 et

314 2722 455 2773 petioli
496 2722 607 2773 longi
646 2721 837 2763 foliorum
877 2722 1122 2763 radicalium
1155 2722 1298 2774 patule
1335 2722 1568 2775 hispidulis,
1605 2722 1710 2764 foliis
1743 2723 1887 2764 subor-

316 2774 511 2815 biculatis
549 2776 643 2815 sinu
680 2776 977 2827 angustissimo
1010 2775 1192 2816 cordatis
1230 2776 1297 2816 vix
1334 2776 1388 2816 ad
1418 2775 1603 2817 medium
1640 2788 1772 2828 usque
1802 2779 1887 2817 5-7-

316 2827 419 2868 lobis
459 2828 608 2868 obtuse
640 2829 836 2877 crenatis,
872 2829 1046 2869 caulinis
1083 2828 1191 2869 binis
1230 2828 1522 2870 subsessilibus
1556 2829 1688 2869 multo
1719 2829 1887 2870 minori-

313 2880 392 2921 bus
413 2881 590 2929 trilobis‚
615 2881 806 2922 omnibus
826 2881 1023 2933 utrinque
1043 2881 1358 2933 adpressissime
1378 2881 1571 2923 velutinis
1592 2893 1719 2934 supra
1739 2882 1886 2934 griseis

312 2933 461 2973 subtus
482 2934 977 2982 cano-cinerascentibus,
999 2934 1244 2986 pedunculis
1270 2934 1465 2975 brevibus
1487 2934 1644 2975 bifloris
1664 2935 1706 2975 in
1727 2946 1886 2987 corym-

310 2986 411 3027 bum
433 2986 658 3038 dispositis,
682 2987 862 3027 bracteis
882 2986 1105 3036 subulatis,
1126 2987 1278 3039 sepalis
1299 2986 1496 3039 adpresse
1517 2987 1631 3028 canis
1651 2991 1695 3028 et
1714 2993 1885 3040 praeter-
