2094 3351
238 209 306 245 190
953 223 1204 248 LEGUMINOSAE.
1673 215 1910 262 Hedysarum.

233 291 304 325 Pag.

238 345 330 392 521,
364 344 428 383 H.
453 345 763 392 obscurum,
787 344 896 385 adde
917 357 926 385 :

402 430 496 465 Hab.
517 432 552 464 in
570 435 691 465 monte
711 431 885 466 Shendtoi
906 431 1110 475 Affghaniae
1132 434 1256 466 10000'
1271 431 1404 474 (Aitch.
1421 433 1520 476 7861)
1539 433 1575 467 in
1595 433 1721 468 Journ.
1739 433 1911 469 Proceed.

356 477 460 512 Linn.
481 479 560 513 Soc.
583 479 714 521 xvm,
739 489 772 521 p.
793 480 837 512 49
864 478 929 512 sub
956 479 1149 523 Hedysaro
1173 479 1414 523 astrayaloide
1439 480 1568 514 Benth.
1589 481 1692 524 cujus
1719 480 1913 524 descriptio

355 526 499 559 minime
517 525 684 568 quadrat.
703 526 892 569 Specimen
912 525 957 559 ab
977 526 1166 570 Europaeis
1186 531 1221 560 et
1247 526 1406 561 Sibiricis
1427 527 1559 572 calycis
1581 527 1748 563 dentibus
1768 527 1912 563 sublon-

356 571 518 615 gioribus
537 572 724 615 paululum
747 572 878 607 differt.

238 721 329 766 530,
364 718 707 769 Onobrychis
729 718 1009 767 Laconica,
1033 718 1141 759 adde
1163 731 1171 759 ε

403 805 496 840 Hab.
518 807 553 840 in
573 812 694 840 monte
710 806 845 850 Delphi
862 806 1010 841 Euboeae
1030 806 1202 850 (Heldr.!)
1219 812 1254 842 et
1268 808 1451 842 cacumine
1469 808 1600 842 montis
1621 807 1716 842 OEtae
1737 807 1915 843 Phthioti-

359 852 412 888 dis
432 853 778 897 6-6700‘(Held1·.!).

240 985 333 1030 533,
368 982 426 1022 Ο.
449 982 627 1022 sativa
649 983 684 1023 δ.
708 982 925 1033 Scardica,
947 982 1056 1023 adde
1078 995 1086 1023 :

404 1070 497 1104 Hab.
516 1071 551 1104 in
570 1071 718 1114 regione
739 1070 863 1114 alpina
882 1071 1013 1105 montis
1028 1071 1180 1105 Veluchi
1198 1071 1410 1116 Eurytaniae
1430 1072 1642 1106 5500-7140*
1661 1070 1845 1116 (Heldr.!).

241 1214 333 1260 533,
369 1212 427 1252 Ο.
449 1212 710 1260 Balansae‚
733 1211 843 1253 adde
864 1225 872 1252 z

404 1299 498 1333 Hab.
517 1300 552 1333 in
573 1304 696 1333 monte
716 1298 782 1333 Ida
802 1298 957 1334 Troadis
979 1300 1079 1343 (Sint.
1101 1301 1212 1342 483!).

241 1446 333 1493 536,
368 1444 427 1484 Ο.
453 1443 685 1484 Cadmea
707 1460 744 1496 γ.
766 1442 1045 1497 microcarpa,
1066 1443 1200 1485 adde:

399 1532 499 1567 Hab.
517 1533 553 1566 in
571 1533 744 1567 montosis
762 1532 916 1568 Troadis
937 1532 983 1568 ad
1002 1533 1249 1568 Dardauellas
1268 1534 1372 1577 (Sint.
1391 1534 1505 1578 8772).

241 1677 334 1723 537,
369 1674 428 1715 Ο.
451 1678 696 1724 cornuta,
719 1675 827 1716 adde
849 1689 857 1716 :

357 1764 500 1854 ffigzjb.
521 1764 556 1798 in
577 1763 784 1809 Affghaniae
802 1764 899 1800 valle
918 1765 1056 1800 Kuram
1074 1765 1121 1800 ad
1137 1765 1242 1800 basin
1262 1766 1393 1800 montis
1412 1765 1578 1801 Sikaram
1599 1767 1765 1800 9-11000‘
1786 1765 1922 1809 (Aitch.

240 1945 332 1992 538,
365 1947 461 1996 post
484 1943 542 1984 Ο.
564 1943 974 1984 Arnacantham
995 1944 1130 1985 insere
1153 1957 1161 1984 ε

403 2031 461 2071 Ο.
498 2031 880 2082 spinosissima
914 2031 1072 2081 (Baker
1103 2031 1250 2072 Journ.
1285 2031 1407 2072 Linn.
1444 2030 1554 2080 Soc,
1590 2031 1744 2080 XVIII,
1779 2043 1820 2083 p.
1852 2033 1921 2081 49)

347 2083 594 2124 fruticulosa
628 2085 912 2125 famosissima
943 2084 1160 2136 pulvinata
1190 2084 1355 2136 petiolis
1386 2084 1719 2137 spinescentibus
1751 2084 1923 2125 horrida

348 2136 548 2188 adpresse
586 2147 705 2185 cana,
741 2137 906 2189 stipulis
939 2137 1111 2178 hirsutis
1146 2137 1388 2178 lanceolatis
1425 2138 1517 2178 basi
1549 2138 1704 2190 petiolo
1736 2137 1917 2186 adflatis,

349 2189 455 2230 foliis
489 2189 669 2241 abrupte
700 2190 899 2241 pinnatis,
929 2189 1076 2231 foliolis
1107 2193 1224 2231 10-12
1252 2191 1425 2231 minutis
1453 2190 1752 2242 approximatis
1780 2193 1922 2231 ovato-

345 2242 535 2294 oblongis
555 2242 851 2283 obtusiusculis
872 2244 1077 2291 concavis,
1100 2243 1277 2284 racemis
1293 2242 1492 2284 1-3-floris
1506 2243 1797 2284 subsessilibus
1814 2242 1921 2284 foliis

346 2295 621 2343 brevioribus,
646 2295 797 2348 calycis
818 2295 1086 2347 pubescentis
1113 2295 1308 2336 dentibus
1336 2295 1793 2348 deltoideo-cuspidatis
1820 2295 1922 2337 tubo

348 2347 643 2400 campanulato
676 2348 947 2400 longioribus,
978 2348 1132 2389 corolla
1161 2351 1373 2401 purpurea
1401 2349 1542 2400 calyce
1571 2348 1804 2401 quadruplo
1836 2349 1922 2389 lon-

347 2402 477 2451 giore,
499 2401 646 2441 vexillo
668 2401 755 2442 alas
785 2405 827 2442 et
847 2402 1033 2442 carinam
1062 2407 1303 2453 superante,
1330 2402 1541 2453 legumine
1559 2402 1744 2443 breviter
1763 2406 1923 2442 tomen-

347 2453 446 2494 tello
479 2454 809 2558 segmiorbiculari
843 2454 975 2495 latere
1007 2459 1179 2495 externo
1211 2466 1405 2503 concavo,
1442 2455 1571 2495 crista
1598 2455 1765 2507 integra
1795 2454 1922 2496 indis-

347 2507 480 2547 tincta
554 2539 563 2547 .

408 2577 501 2611 IIab.
517 2577 551 2611 in
566 2583 687 2612 monte
704 2578 869 2613 Sikaram
887 2577 993 2612 vallis
1007 2577 1144 2612 Kuram
1160 2577 1365 2622 Affghaniae
1380 2579 1617 2612 9500-12000'
1634 2576 1769 2622 (Aitch.
1787 2579 1874 2611 1217
1886 2578 1921 2619 l).

408 2640 579 2675 Pulvinos
606 2640 739 2675 format
768 2641 817 2675 eis
844 2641 1044 2684 specierum
1068 2641 1350 2684 praecedentium
1374 2641 1519 2684 similes,
1541 2645 1578 2675 at
1597 2641 1719 2684 spinas
1736 2640 1921 2675 breviores

360 2688 476 2722 minus
496 2689 683 2722 erinaceas
702 2693 737 2722 et
754 2688 890 2732 rigidas
908 2688 1029 2722 habet.
1047 2688 1163 2723 Valde
1178 2688 1297 2722 affinis
1317 2688 1357 2723 Ο.
1371 2689 1620 2723 Arnaccmthae
1634 2688 1737 2732 cujus
1754 2688 1921 2732 legumen

361 2735 601 2778 majusculum
622 2735 747 2779 habet,
768 2735 830 2770 sed
849 2735 965 2770 latere
985 2740 1136 2770 externo
1158 2746 1352 2770 concavum
1371 2746 1437 2770 nec
1457 2735 1725 2770 rectiusculum.

242 2877 333 2922 542,
370 2874 427 2914 Ο.
451 2874 893 2923 Haussknechtii,
917 2874 1024 2915 adde
1047 2887 1054 2914 :

406 2962 499 2997 IIab.
521 2963 555 2997 in
577 2963 701 2997 Persia
724 2973 838 3006 prope
858 2962 1050 2997 Hamadan
1071 2962 1202 3006 (forma
1223 2961 1357 2996 foliolis
1377 2961 1574 2996 minoribus
1593 2960 1816 2996 acutioribus
1830 2961 1864 3002 l).
