2094 3351
227 242 273 279 92
977 253 1150 277 SILENRAE.
1775 241 1900 277 Silene.

228 346 321 425 585,
356 377 409 416 S.
431 376 700 427 laeviqata,
723 374 834 416 adde
855 387 864 415 ε

392 463 486 499 Hab.
508 465 543 498 in
563 468 684 498 monte
704 463 867 498 Troodos
882 463 990 508 Cypri
1005 462 1107 507 (Sint.
1131 468 1168 498 et
1186 462 1280 507 Rigo
1293 462 1328 506 !).

393 529 537 564 Semina
555 529 702 562 minima
718 527 891 572 rugulosa
911 526 1017 562 dorso
1037 527 1200 562 obsolete
1216 527 1378 561 trisulca.

230 652 323 697 585,
358 649 412 689 S.
437 649 624 688 Graeca
647 660 656 688 :

396 736 452 770 Ex
473 735 516 769 cl.
533 734 731 769 Rohrbach
752 734 823 769 hnc
843 740 986 778 spectat
1003 734 1040 769 S.
1060 734 1198 768 rubella
1216 733 1312 779 Bory
1333 739 1368 768 et
1389 732 1525 769 Chaub.
1545 733 1638 777 Exp.
1659 733 1749 767 Mor.
1771 743 1842 767 non
1864 733 1905 767 L.

232 860 324 905 587,
359 857 412 897 S.
436 856 740 907 qonocalyx
762 868 770 895 ;

397 943 464 978 Est
484 948 624 977 tantum
643 943 760 977 forma
779 943 816 978 S.
837 942 1048 987 crassipedis
1066 942 1215 977 floribus
1235 942 1487 977 terminalibus
1505 941 1688 985 confertis,
1703 941 1907 985 petalorum

351 992 485 1025 lamina
505 991 634 1025 latiore
655 989 852 1024 rotundato.
869 1000 934 1024 nec
951 992 1086 1024 retusa.

233 1119 326 1165 587,
359 1117 406 1156 S.
425 1115 704 1167 papillosa,
729 1114 836 1156 adde
858 1127 866 1155 z

354 1202 492 1287 (PHab.
519 1203 555 1287 {31
580 1202 720 1236 Libano
746 1202 793 1237 ad
823 1202 942 1237 Gadir·
963 1208 1000 1237 et
1025 1203 1062 1237 in
1084 1203 1246 1237 arenosis
1271 1203 1459 1237 maritimis
1487 1212 1602 1246 prope
1627 1201 1730 1236 Nahr
1757 1202 1790 1236 el
1815 1201 1909 1236 Kelb

400 1260 527 1294 eyron.
548 1277 554 1283 .

232 1376 326 1422 588,
362 1374 416 1414 S.
439 1373 654 1424 hispida
678 1385 685 1413 :

398 1463 486 1497 Haec
504 1462 644 1506 species
665 1472 709 1495 ex
730 1461 775 1495 cl.
796 1461 994 1495 Rohrbach
1014 1460 1157 1495 videtur
1176 1471 1220 1496 ex
1242 1461 1485 1505 descriptione
1506 1461 1632 1496 eadem
1653 1471 1695 1495 ac
1720 1461 1756 1496 S.
1775 1471 1910 1505 vesper-

352 1511 431 1545 tina
447 1509 540 1544 Retz
560 1519 630 1542 non
650 1508 705 1542 Fl.
728 1509 856 1543 Graeca
874 1508 970 1552 quod
990 1518 1118 1542 nomen
1137 1513 1177 1541 ut
1197 1508 1379 1551 antiquius
1399 1508 1684 1552 praeponendum
1705 1514 1811 1543 esset.
1831 1509 1910 1543 Huc

353 1567 497 1601 quoque
517 1560 660 1600 spectat
678 1555 713 1590 S.
728 1555 869 1589 hirsuta
887 1556 1010 1589 Poiret
1027 1565 1098 1589 non
1117 1555 1205 1598 Lag.
1227 1555 1258 1588 E
1283 1555 1492 1599 synonymia
1513 1555 1594 1590 dele
1618 1555 1653 1590 S.
1674 1556 1913 1590 sabuletorum

352 1604 446 1639 Link
466 1613 549 1647 quae
568 1602 613 1637 cl.
634 1602 842 1637 Ascherson
857 1602 1076 1637 observante
1094 1606 1148 1636 est
1165 1602 1200 1636 S.
1220 1602 1360 1636 hirsuta
1381 1602 1468 1646 Lag.

234 1726 328 1772 589,
363 1724 416 1763 S.
439 1733 723 1763 racemosa
746 1734 754 1762 :

399 1813 541 1847 Forsan
563 1822 634 1845 non
653 1810 820 1855 specifice
839 1810 1010 1845 distincta
1035 1821 1056 1845 a
1080 1810 1116 1846 S.
1145 1810 1345 1845 dichotomci
1368 1811 1462 1845 inter
1489 1811 1592 1854 cujus
1617 1811 1815 1846 varietates
1835 1821 1913 1846 eam

353 1860 399 1894 cl.
419 1859 616 1894 Rohrbach
638 1863 836 1893 enumerat.
858 1859 976 1901 Hujus
994 1857 1112 1892 forma
1131 1858 1326 1901 peculiaris
1348 1863 1420 1892 est:

394 1938 427 1963 ε.
456 1920 637 1962 Euoeina
661 1920 877 1972 Rupreeht
902 1920 965 1961 Fl.
989 1919 1117 1961 Cauc.
1139 1932 1182 1972 p.
1209 1923 1296 1960 184.
1318 1943 1370 1947 ——
1391 1919 1525 1960 Radix
1550 1920 1745 1971 perennis
1775 1920 1915 1960 multi-

343 1973 471 2015 caulis
492 1973 681 2014 caulibus
701 1973 946 2014 lateralibus
968 1972 1330 2021 decumbentibus,
1354 1971 1451 2013 folia
1478 1972 1675 2024 adpresse
1695 1983 1914 2014 canescen-

343 2027 403 2067 tia
421 2026 658 2067 rosularum
678 2025 1177 2078 lanceolato-spathulata
1196 2030 1335 2066 acuta.
1360 2024 1529 2066 Semina
1548 2025 1724 2065 minora.

401 2095 497 2130 Hab.
525 2096 561 2130 in
591 2097 752 2130 arenosis
783 2096 971 2130 maritimis
999 2096 1120 2131 Guriae
1150 2096 1244 2130 inter
1273 2095 1353 2130 Poti
1386 2100 1421 2129 et
1452 2095 1594 2129 Nicolai
1627 2094 1781 2138 (Rupr.),
1811 2094 1917 2129 Ponti

354 2144 476 2178 Laziei
494 2142 541 2177 ad
561 2144 692 2177 ostium
712 2142 796 2176 fluv.
820 2142 1023 2186 Of(Ba1.!).

239 2266 330 2311 589,
362 2262 416 2303 ad
431 2262 753 2314 descriptionem
778 2262 832 2302 S.
850 2263 1183 2303 Heldreichii
1205 2261 1313 2303 adde
1332 2275 1339 2302 :

398 2349 551 2401 Calyce
566 2347 782 2390 fructifero
799 2349 978 2401 oblongo
992 2349 1102 2390 infra
1119 2352 1162 2390 et
1179 2361 1306 2402 supra
1322 2348 1535 2401 capsulam
1551 2348 1673 2390 valde
1691 2348 1916 2389 constricto

345 2402 540 2443 dentibus
561 2403 711 2442 erectis
732 2403 843 2443 inter
862 2414 906 2443 se
932 2402 1248 2443 conniventibus
1275 2401 1510 2453 strigosulis
1531 2401 1751 2442 carinatim
1771 2412 1916 2442 nervo-

344 2455 415 2502 sis,
457 2454 627 2506 capsula
661 2455 986 2507 ovato-oblonga
1024 2454 1130 2495 dura
1167 2454 1454 2496 obtusiuseula
1491 2454 1686 2495 dentibus
1721 2454 1916 2506 calycinis

346 2508 468 2567 longe
487 2519 535 2547 su
556 2509 700 2566 erata,
724 2508 951 2549 seminibus
981 2507 1103 2548 dorso
1129 2507 1440 2548 multiseriatim
1470 2507 1917 2559 rugoso-tuberculatis

346 2571 534 2612 majuscu
553 2571 601 2600 is.

374 2631 500 2713 PHab3
537 2631 584 2722 gd
620 2633 806 2666 Anamour
842 2637 877 2666 et
914 2633 950 2666 in
987 2637 1109 2666 monte
1146 2631 1402 2666 Yamourdabe
1438 2631 1534 2675 dagh
1572 2631 1706 2666 Ciliciae
1741 2630 1917 2665 Tracheae

358 2686 369 2723 (
403 2689 544 2713 eromn.
566 2706 572 2712 .

240 2803 332 2849 590,
361 2804 457 2852 post
481 2800 534 2839 S.
560 2799 893 2839 Heldreichii
913 2799 1049 2840 insere
1073 2811 1081 2839 :

403 2887 456 2927 S.
493 2886 801 2936 oxyodonta
830 2885 1014 2938 (Barbey
1046 2885 1226 2926 Herbor.
1259 2897 1311 2925 au
1339 2885 1500 2926 Levant
1528 2897 1569 2937 p.
1602 2887 1690 2933 121,
1719 2884 1808 2925 tab.
1839 2884 1917 2936 XI)

347 2939 440 2992 pilis
461 2939 566 2980 albis
587 2939 721 2991 longis
742 2938 932 2991 crispulis
957 2938 1139 2979 molliter
1164 2937 1382 2990 puberula,
1412 2938 1530 2979 caule
1555 2936 1716 2978 inferne
1734 2949 1914 2986 ramoso,

348 2992 473 3032 ramis
494 2991 815 3032 ascendentibus
844 2991 971 3032 semel
1002 2990 1262 3039 dichotomis,
1285 2990 1386 3031 flore
1409 2990 1603 3032 inferiore
1623 2990 1727 3030 alai-i
1755 2990 1916 3031 caeteris
