2094 3351
221 230 292 267 350
937 243 1193 269 Bonnsoist.
1744 235 1874 271 Gordia
1885 266 1893 274 .

485 477 693 518 oRDO
747 479 1063 519 LXXXVI.
1117 480 1636 520 BORRAGINEAE

219 597 241 624 p
283 618 289 624 .

225 605 313 697 1⁸22,
346 655 440 701 post
462 652 714 692 cordiam
736 653 959 703 Myxam
980 653 1116 694 insere
1140 666 1147 693 :

383 738 435 777 C.
458 738 638 778 Rothii
661 739 815 782 (Roem.
840 743 882 780 et
897 738 1058 780 Schult.
1078 739 1189 792 Syst.
1209 740 1281 788 IV,
1299 743 1393 789 798)
1412 741 1589 782 arborea
1606 741 1669 782 vel
1682 741 1896 791 fmticosa,

327 788 433 830 foliis
454 790 736 842 suboppositis
759 792 948 843 oblongis
969 793 1058 833 basi
1087 794 1318 834 attenuatis
1339 793 1523 835 breviter
1542 794 1754 846 petiolatis
1779 795 1900 836 obtu-

323 842 380 883 sis
419 845 714 894 ponninerviis,
756 844 927 885 floribus
968 846 1057 886 laxe
1095 846 1349 898 corymbosis
1385 847 1725 899 pubescentibus,
1760 848 1900 900 calyce

325 895 596 945 pubescente,
615 898 769 937 corolla
783 899 934 950 saepius
953 899 1277 950 quadripartita,
1300 899 1430 940 baec-a
1446 900 1688 951 ellipsoidea
1705 903 1830 942 acuta
1845 915 1871 953 5
1888 934 1897 942 .

329 947 472 999 Wight
493 949 550 989 Ic.
574 950 662 990 tab.
690 954 804 991 1379.
827 974 879 979 —-
902 951 945 993 (J.
968 951 1236 1004 snbopposita
1258 965 1325 993 Dc.
1347 952 1493 993 Prodr.
1518 953 1591 1001 IX,
1608 956 1700 995 480.

386 1019 478 1054 Hal).
500 1021 534 1054 in
555 1021 707 1065 AEgypti
731 1022 814 1056 Oasi
835 1024 967 1066 magna
987 1023 1237 1066 (Schweinf.!),
1254 1023 1337 1058 Oasi
1360 1024 1526 1068 Chargeh
1548 1025 1772 1068 (Aschers.!).

386 1083 452 1118 Ar.
473 1084 615 1127 Geogr.
637 1086 768 1129 Nubia,
788 1086 994 1132 Abyssinia‚
1013 1087 1161 1130 Arabia,
1183 1088 1284 1122 India
1307 1089 1395 1123 Brit.
1415 1089 1662 1124 occidentalis.

222 1235 311 1281 130,
346 1233 744 1285 Heliotropium
768 1235 991 1284 Kunzei,
1014 1235 1149 1276 adde:

385 1321 476 1355 Hab.
498 1322 532 1355 in
555 1322 660 1355 cultis
681 1323 834 1366 AEgypti
855 1322 1036 1357 inferioris
1057 1323 1103 1357 ad
1122 1323 1239 1358 Ouadi
1260 1324 1417 1358 Tumilat
1440 1325 1525 1359 etin
1546 1326 1708 1370 margine
1728 1326 1897 1360 orientali

339 1367 483 1402 ditionis
506 1369 616 1403 Delta
638 1369 891 1413 ‹Schweinf.!).

222 1503 309 1548 131,
344 1500 408 1540 H.
434 1501 751 1549 Eichwaldi,
775 1500 883 1541 adde
906 1514 914 1541 :

383 1588 476 1622 Hab.
503 1589 538 1622 in
572 1589 785 1623 Phthiotide
817 1600 932 1633 prope
962 1590 1089 1624 Lamia
1122 1590 1293 1634 (Heldr.!)
1324 1595 1359 1625 et
1387 1591 1531 1625 Troade
1558 1590 1604 1625 ad
1635 1591 1897 1627 Chersonesum

337 1635 440 1679 (Sint.
463 1637 573 1679 1641),
594 1637 629 1669 in
648 1636 743 1671 valle
763 1636 899 1671 Knram
922 1636 1127 1681 Affghaniae
1149 1638 1207 1681 (ex
1229 1638 1378 1681 Aitch.).

219 1763 308 1809 135,
339 1764 435 1812 post
457 1761 521 1801 H.
544 1761 941 1812 qrandiflorum
961 1762 1124 1803 insere:

377 1846 442 1885 H.
477 1847 922 1895 schweinfurthi,
957 1859 1141 1888 annuum
1176 1848 1358 1889 molliter
1390 1852 1432 1889 et
1461 1848 1660 1900 adpresse
1692 1853 1899 1891 tomento-

320 1911 413 1939 sum
434 1910 673 1947 canescens,
697 1900 816 1940 caule
835 1904 975 1941 erecto
997 1900 1234 1942 dichotome
1254 1913 1433 1950 ramoso,
1456 1901 1562 1942 foliis
1578 1902 1790 1954 petiolatis
1805 1914 1899 1943 ova-

323 1953 376 1992 tis
403 1952 699 1993 obtusiusculis
724 1964 851 2005 supra
880 1953 1044 1994 lineatis
1070 1955 1206 1995 nervis
1232 1955 1381 1995 subtus
1402 1955 1749 2007 prominentibus,
1775 1956 1898 2008 spicis

319 2005 517 2046 solitariis
538 2005 602 2046 vel
623 2006 858 2058 eonjnoatis
886 2006 1052 2047 denium
1074 2007 1279 2059 elongatis
1301 2007 1554 2056 laxiilsculiS,
1575 2008 1727 2059 calycis
1747 2008 1899 2050 hirsuti

321 2058 476 2098 corolla
495 2058 607 2098 hirta
627 2037 1002 2100 infundibuliformi
1029 2060 1263 2112 quadruplo
1289 2061 1491 2101 brevioris
1522 2060 1682 2102 laciniis
1709 2061 1898 2113 oblongis

321 2110 505 2159 obtusis,
556 2111 719 2152 corollae
764 2112 866 2152 tubo
911 2113 1025 2152 tenui
1072 2113 1110 2153 in
1156 2113 1329 2153 limbum
1374 2113 1700 2165 quinquelobum
1744 2116 1898 2156 sensim

319 2164 536 2215 ampliato,
561 2164 748 2205 antheris
769 2165 997 2206 linearibus
1018 2178 1147 2217 prope
1168 2166 1286 2206 basin
1309 2167 1473 2208 corollae
1494 2166 1642 2208 adfixis
1674 2168 1715 2207 in
1736 2179 1898 2209 mucro-

322 2229 415 2257 nem
454 2220 624 2269 longum
663 2223 864 2258 uncatum
903 2218 1171 2266 abeuntibus,
1207 2219 1316 2271 stylo
1348 2219 1480 2267 brevi,
1516 2220 1717 2269 stigmate
1750 2233 1774 2260 a
1806 2220 1897 2262 basi

321 2270 470 2310 latiore
491 2270 613 2321 longe
628 2270 988 2312 conico-subulato
1006 2282 1187 2323 superne
1201 2272 1378 2320 hirsuto,
1397 2273 1557 2313 nuculis
1578 2272 1735 2324 glabris
1755 2273 1897 2314 tuber-

321 2323 645 2375 culato-rugosis
661 2326 725 2372 Θ.

380 2394 473 2428 Hab.
495 2395 530 2428 in
551 2395 666 2429 latere
688 2395 857 2429 orientali
878 2394 1007 2429 Libani
1027 2406 1140 2439 prope
1160 2396 1314 2431 Schtora
1341 2398 1444 2431 3000‘
1477 2396 1681 2440 (Schweinf.
1706 2407 1779 2432 exs.
1809 2399 1894 2432 414!

333 2441 398 2475 sub
416 2442 465 2476 H.
483 2442 735 2486 qrandifloro).

334 2552 343 2585 l
379 2504 501 2539 Affine
540 2505 684 2586 quiidem
715 2505 764 2539 H.
801 2506 1026 2550 yrandifloro
1055 2506 1218 2541 antheris
1249 2506 1459 2542 brevissime
1491 2508 1724 2552 mucronatis,
1753 2508 1893 2543 nuculis

349 2553 553 2587 aevinsculis
599 2553 727 2587 iverso.

216 2686 305 2732 149,
340 2684 594 2724 Cerinthe
615 2687 840 2733 retorta,
862 2683 972 2725 adde
990 2697 998 2725 ε

378 2771 471 2806 Hah.
491 2772 527 2806 in
547 2772 690 2807 Troade
711 2783 825 2816 prope
844 2772 1030 2818 Thymbra
1050 2773 1096 2808 ad
1114 2774 1212 2817 ripas
1229 2773 1441 2809 Scamandri
1461 2773 1564 2818 (Sint.
1575 2774 1609 2816 1).

216 2907 304 2951 157,
336 2903 588 2943 Anchusa
613 2906 925 2955 aggregata,
957 2903 1065 2945 adde
1088 2917 1096 2944 :

378 2991 470 3027 Hab.
489 2993 524 3026 in
542 2992 696 3037 AEgypti
718 2992 853 3027 ditione
873 2993 1034 3038 Fayoum
1057 2993 1293 3037 (Schweinffl)
1313 2998 1348 3029 et
1369 2993 1454 3029 Oasi
1472 2994 1587 3038 parva
1606 2992 1834 3038 (Aschers.l).
