2094 3351
219 239 285 275 ¹72
923 243 1173 269 LEGufflNOSAE.
1669 229 1689 264 I
1692 221 1887 275 ndiyoserci.

220 322 311 421 3888,
343 371 423 412 Pro
461 370 766 422 Indiqoiera
799 364 1263 416 ornithopodioide
1290 375 1397 416 pone
1428 375 1436 403 :
1474 363 1513 402 Ι.
1546 361 1720 402 anaba
1759 360 1890 402 tista

327 423 473 465 Steud.
508 421 725 464 Nomencl.
760 420 840 461 Ed.
875 419 929 467 II,
965 421 1040 459 805
1075 436 1120 450 =
1152 416 1192 458 Ι.
1229 414 1610 468 ornithopodioides
1640 413 1730 454 Hoc
1761 417 1816 454 st.
1850 413 1890 454 in

327 476 509 528 Schimp.
533 487 618 516 exs.
642 477 717 515 769
739 497 789 501 -
808 472 934 513 Jaub.
956 476 999 511 et
1031 468 1167 522 Spach
1194 469 1351 510 Illustr.
1380 467 1468 508 tab.
1497 470 1575 508 480
1606 478 1687 507 nou
1720 465 1889 507 Schum.

327 534 370 570 et
395 528 559 570 Thonn.
589 529 697 579 (quae
726 525 766 567 I.
800 523 1040 566 tinctoriam
1068 523 1198 573 sistit)
1220 545 1269 549 —
1291 520 1332 562 I.
1368 519 1648 562 Hochstetteri
1679 518 1820 560 Baker
1850 518 1893 558 in

328 581 434 624 Oliv.
458 580 519 621 Fl.
543 580 669 632 Trop.
693 577 819 619 Afric.
842 577 897 626 II,
920 589 961 629 p.
988 579 1075 617 101.

229 741 316 785 189,
338 738 379 777 in
399 739 502 777 sect.
527 734 909 786 Euindiqofera
929 738 1028 772 ante
1049 732 1089 771 1.
1111 728 1454 771 tribuloidem
1474 728 1610 769 insere
1630 739 1638 767 :

385 823 423 861 Ι.
447 821 725 861 cordifolia
746 818 925 871 (Heyne,
948 831 1016 859 Dc.
1048 816 1194 857 Prodr.
1216 815 1270 864 11,
1294 815 1388 864 222)
1415 825 1567 862 annua,
1589 817 1680 854 tota
1699 812 1897 865 adpresse

332 873 574 915 tomentella
600 872 747 913 diffuse
772 871 1052 912 ramosissima
1073 869 1254 916 humilis,
1284 867 1389 909 foliis
1415 866 1672 918 simplicibus
1697 865 1898 907 subsessi-

335 927 440 967 libus
465 926 646 967 cordatis
664 925 797 966 ovatis
818 924 966 972 acutis,
983 922 1154 964 floribus
1175 924 1242 962 6-8
1261 922 1303 962 in
1319 919 1503 972 capitula
1518 919 1707 960 axillaria
1726 916 1897 959 fascicu-

334 980 444 1027 latis,
468 978 619 1031 calycis
640 977 834 1019 dentibus
861 976 1037 1017 setaceis
1063 975 1276 1027 plumosis‚
1300 973 1454 1014 corolla
1480 984 1560 1013 non
1581 972 1761 1019 exserta,
1784 971 1898 1023 legu-

334 1032 443 1072 mine
464 1031 642 1082 oblongo
663 1029 881 1082 cuspidato
906 1031 1154 1081 1-2-spe1·mo
1172 1030 1236 1076 Θ.

391 1102 485 1137 Hah.
506 1103 541 1136 in
556 1102 765 1137 Belutschizi.
787 1101 845 1145 (ex
865 1101 985 1135 Baker
1002 1101 1037 1134 in
1058 1099 1175 1134 Hook.
1196 1098 1250 1133 Fi.
1266 1098 1355 1132 Brit.
1378 1097 1481 1141 Ind.).

392 1166 459 1200 Ar.
483 1165 625 1209 (ἦθος-τ.
646 1165 772 1200 Africa
791 1165 944 1209 tropica,
965 1164 1067 1198 India
1088 1163 1296 1205 Orientalis,
1317 1162 1421 1196 Nova
1441 1160 1638 1196 Hollandia
1657 1160 1812 1204 tropica.

237 1319 324 1364 189,
358 1317 397 1356 1.
421 1314 721 1355 Burmanni
743 1327 751 1352 :

395 1404 482 1438 Haec
501 1404 639 1447 species
665 1403 774 1437 ramis
801 1408 836 1445 et
861 1401 1041 1446 legumine
1069 1406 1205 1445 praeter
1233 1400 1479 1435 indumentum
1508 1399 1681 1443 adpresse
1710 1408 1903 1433 canescens

347 1450 756 1495 stipitato-glandulosis
773 1450 921 1493 insignis
939 1454 1004 1483 est.
1022 1449 1063 1482 In
1083 1448 1335 1483 observatione
1354 1448 1385 1482 1.
1401 1447 1623 1491 semitrijaya
1636 1445 1762 1480 Forsk.
1780 1444 1838 1489 (ex
1858 1445 1902 1479 cl.

349 1505 383 1533 et
409 1509 477 1532 am.
506 1497 712 1532 Ascherson
738 1497 773 1530 in
801 1496 871 1530 litt.
901 1495 1169 1538 observatione)
1201 1495 1378 1530 immerito
1405 1499 1444 1528 ut
1469 1503 1691 1539 synonymon
1715 1493 1747 1528 1.
1776 1503 1902 1527 ennea-

342 1545 474 1591 phyllae
508 1545 642 1579 citatur
676 1554 697 1578 a
735 1545 806 1587 qua
841 1542 962 1577 differt
995 1542 1205 1577 indumento
1240 1541 1349 1576 dense
1382 1552 1471 1576 cano
1503 1551 1568 1576 nec
1596 1541 1753 1575 tenuiter
1784 1550 1906 1574 canes-

349 1598 463 1635 cente,
484 1590 618 1626 foliolis
637 1592 657 1625 5
685 1600 752 1625 nec
776 1591 871 1633 9—11,
898 1590 1078 1633 legumine
1111 1594 1152 1623 ut
1184 1589 1221 1623 in
1247 1591 1289 1624 ea
1326 1589 1519 1632 dispermo‚
1551 1587 1615 1623 sed
1641 1587 1737 1622 inter
1767 1587 1904 1622 semina

350 1639 545 1674 constricto
571 1648 638 1673 nec
665 1638 786 1673 tereti.
813 1638 845 1672 I.
872 1636 1105 1681 enneaphylla
1132 1637 1168 1670 in
1187 1637 1286 1679 Asia,
1316 1635 1443 1670 Africa
1472 1641 1507 1670 et
1536 1635 1725 1670 Australis
1755 1634 1904 1678 tropicis

349 1687 491 1768 cregcfitJ
511 1685 783 1767 ἐῑεεηιξιῃζίιιρα
811 1684 914 1728 cujus
942 1684 974 1719 1.
995 1682 1209 1718 Somalmsis
1228 1683 1347 1718 Vatke
1375 1693 1597 1728 synonymon
1625 1687 1679 1717 est
1706 1682 1742 1716 in
1769 1680 1907 1716 Arabia

352 1740 387 1769 et
458 1744 508 1768 ric
566 1743 711 1777 ropicis.

239 1879 327 1925 191,
357 1879 453 1928 post
471 1877 510 1917 1.
533 1878 850 1928 argenteam
870 1874 1006 1915 insere
1028 1885 1036 1913 :

394 1964 434 2004 1.
466 1963 801 2004 Gerar-diana
829 1960 970 2012 (Wall.
999 1960 1112 2009 Cat.‚
1142 1958 1279 2001 Hook.
1310 1958 1373 2000 Fl.
1404 1958 1512 2000 Brit.
1543 1957 1636 2000 Ind.
1664 1957 1790 2011 II,'p.
1817 1958 1909 2009 100)

340 2015 540 2057 fruticosa
560 2016 843 2057 ramosissima
861 2014 1044 2061 humilis,
1071 2013 1199 2054 ramis
1225 2011 1779 2064 argenteo-canescentibus,
1802 2009 1909 2052 foliis

338 2069 523 2110 breviter
541 2069 767 2121 petiolatis,
791 2067 938 2109 foliolis
959 2069 1053 2108 9-12
1074 2065 1245 2107 minutis
1266 2064 1454 2116 oblongis
1469 2063 1630 2105 obtusis
1644 2064 1792 2105 subtus
1806 2075 1911 2116 prae-

341 2122 487 2162 sertim
525 2119 1078 2173 argenteo-canescentibus,
1119 2118 1295 2160 racemis
1337 2117 1630 2170 pedunculatis
1670 2116 1911 2158 axillaribus

342 2174 605 2215 densiuscule
625 2173 875 2221 multifloris,
897 2172 1109 2225 pedicellis
1129 2171 1398 2219 brevissimis,
1432 2169 1584 2222 calycis
1605 2169 1801 2211 dentibus
1828 2169 1914 2210 del-

341 2226 744 2279 toideo-cuspidatis,
767 2226 921 2267 corolla
947 2226 1068 2266 rosea
1094 2228 1340 2266 canescente
1360 2222 1500 2276 calyce
1525 2221 1680 2275 pluries
1707 2221 1908 2275 longiore,

342 2279 552 2332 legumine
569 2279 794 2332 cylindrico
815 2278 960 2331 glabro
981 2281 1261 2330 6-10-spermo
1294 2290 1346 2329 5.

357 2351 775 2441 34gl'agggtbAffghaniae
795 2351 890 2385 valle
910 2350 1046 2385 Kuram
1067 2350 1162 2385 circa
1179 2348 1351 2384 Shalizan
1371 2347 1418 2383 ad
1437 2347 1636 2383 rivulorum
1653 2347 1752 2391 ripas
1774 2346 1911 2390 (Aitch.

401 2461 468 2497 Ar.
490 2461 632 2505 Geogr.
659 2462 772 2506 Regio
792 2461 995 2496 Himalaica
1015 2460 1252 2496 occidentalis
1270 2465 1474 2504 temperata
1492 2464 1528 2494 et
1548 2458 1769 2503 subtropica.

245 2615 332 2660 192,
354 2611 649 2663 Tephrosia
669 2609 892 2651 Persica
913 2621 923 2649 ε

405 2701 556 2736 Collatis
577 2698 831 2744 speciminibus
852 2698 1052 2733 numerosis
1074 2697 1206 2732 Indicis
1234 2703 1270 2732 et
1296 2696 1480 2732 Africanis
1504 2696 1541 2730 T.
1556 2705 1749 2740 purpureoe
1771 2695 1808 2729 T.
1831 2693 1914 2729 Per-

356 2748 430 2783 sica
448 2747 590 2783 videtur
610 2746 719 2791 hujus
741 2746 875 2790 speciei
894 2745 1143 2790 polymorphae
1163 2745 1321 2779 varietas
1343 2743 1584 2788 leguminibus
1605 2742 1750 2777 densius
1776 2747 1913 2776 tomen-

358 2795 467 2838 tellis‚
490 2795 526 2830 in
546 2794 682 2829 ditione
702 2793 838 2828 Yemen
862 2792 1009 2827 Arabiae
1033 2802 1177 2836 quoque
1195 2801 1388 2826 occurrens
1409 2790 1535 2834 (Herb.
1556 2790 1649 2824 Mus.
1669 2788 1797 2831 Par.!).
1816 2788 1914 2823 Pari-

358 2849 414 2877 ter
447 2842 483 2877 T.
515 2841 676 2876 Arabica
702 2840 825 2876 Steud.
845 2856 887 2868 =
912 2840 948 2874 T.
968 2839 1183 2874 desertorum
1209 2838 1360 2874 Scheele
1387 2848 1431 2873 ex
1449 2836 1587 2872 Arabia
1606 2836 1750 2880 tropica
1773 2835 1915 2870 videtur

360 2889 519 2924 varietas
538 2888 676 2933 pumila
693 2894 729 2922 et
746 2887 919 2931 depressa
942 2887 978 2921 T.
993 2896 1196 2930 purpureae.

411 2951 476 2986 Δι’.
496 2949 638 2994 Googr.
661 2949 705 2984 Τ.
725 2958 941 2993 purpurae.
960 2949 1139 2993 Regiones
1156 2948 1306 2992 tropicae
1335 2952 1370 2982 et
1394 2946 1614 2991 subtropicae
1640 2945 1752 2980 Indiae
1778 2949 1814 2981 et
1840 2944 1920 2989 ejus

362 2999 573 3042 insularum,
595 2997 741 3040 Africae,
761 2997 950 3032 Americae.
