2115 3250
235 212 529 248 Helianthemum.
976 227 1157 251 CISTINEAE.
1859 225 1898 258 71

338 346 392 387 tis
412 346 733 398 persistentibus
756 352 799 388 et
824 348 1202 401 subpungentibus,
1226 350 1332 391 foliis
1352 351 1665 404 adpressissime
1686 357 1903 397 10111οῃ101-

336 399 385 439 lis
406 399 576 439 minutis
602 399 791 451 oblongis
821 405 864 441 et
890 401 1314 453 oblongo-linearibus
1340 406 1528 455 margine
1556 406 1677 447 valde
1705 409 1902 450 revolutis

333 450 521 492 breviter
538 452 764 503 petiolatis‚
786 454 961 494 racemis
991 454 1082 495 laxe
1107 461 1150 495 et
1174 456 1480 496 unilateraliter
1507 458 1759 508 paucifloris,
1788 461 1902 513 pedi-

334 503 449 544 cellis
468 503 641 555 hispidis
660 506 845 546 recurvis
865 506 1005 558 calyce
1024 506 1297 555 brevioribus,
1318 509 1469 560 sepalis
1497 512 1750 552 tomeutellis
1780 517 1823 553 et
1849 513 1902 554 ad

337 567 484 597 nervos
504 556 676 608 hispidis
696 558 877 599 externis
894 558 1267 602 lineari-subulatis
1287 561 1462 602 internis
1479 562 1666 614 oblongis
1694 578 1719 614 5
1737 596 1745 604 .

388 626 482 661 Hab.
500 627 548 661 ad
568 628 699 663 Galala
719 628 853 663 deserti
872 629 1260 674 AEgyptiaco-Arabici
1280 634 1384 666 3300‘
1404 633 1653 676 (Schweinf.!).

391 689 498 724 Dumi
523 690 682 725 intricati
708 691 963 736 'li-l-pedales,
978 692 1067 727 folia
1084 695 1144 728 4-5
1164 694 1279 729 lineas
1300 688 1419 739 longa,
1439 696 1563 739 petala
1584 707 1628 730 ex
1650 698 1743 731 sicco
1763 698 1902 741 pallide

343 746 460 771 rosea.
479 736 601 771 Affine
614 738 663 772 H.
680 739 853 773 Kahirico
869 750 945 774 var.
963 741 1193 784 anyustifolio
1219 752 1241 775 3
1263 752 1333 785 quo
1360 742 1481 777 differt
1504 744 1613 778 ramis
1631 743 1801 779 floriferis
1820 755 1901 789 per-

343 783 555 818 sistentibus
575 785 792 820 tenuissimis
812 786 916 821 nudis
936 786 1261 831 subpungentibus.

225 900 319 946 443,
351 898 417 938 H.
441 898 632 950 Lippii,
654 902 692 954 β.
712 899 1011 954 Ehrenberyii,
1034 901 1142 942 adde
1163 914 1172 942 ε

387 986 480 1021 Hab.
501 988 537 1022 in
555 987 707 1023 collibus
725 990 887 1025 arenosis
904 991 1012 1035 Cypri
1031 990 1078 1025 ad
1097 991 1253 1026 Falussa
1275 992 1375 1035 (Sint.
1397 998 1432 1027 et
1452 993 1592 1037 Rigol).

223 1104 317 1150 445,
347 1105 443 1153 post
464 1103 529 1143 H.
550 1103 882 1144 vesicarium
901 1105 1038 1147 insere
1059 1118 1068 1147 :

383 1190 449 1230 H.
486 1191 947 1241 Daqhestanicum
968 1193 1118 1245 (Rupr.
1141 1193 1204 1235 Fl.
1227 1193 1355 1235 Cauc.
1377 1208 1419 1247 p.
1445 1199 1533 1244 143,
1559 1196 1645 1237 tab.
1668 1196 1740 1245 IV,
1764 1197 1836 1249 fig.
1860 1198 1902 1249 3)

329 1241 529 1294 adpresse
567 1254 791 1285 canescens
833 1244 1159 1295 suffruticosum,
1199 1247 1325 1288 ramis
1372 1248 1627 1289 abbreviatis
1671 1254 1903 1301 prostrato-

329 1294 668 1344 ascendentibus,
703 1297 811 1337 toliis
842 1298 1134 1350 subpetiolatis
1170 1300 1359 1351 oblongis
1391 1301 1453 1341 vel
1488 1301 1679 1353 ellipticis
1711 1315 1804 1343 mar
1834 1303 1903 1344 ine

327 1347 544 1396 revolutis,
566 1360 731 1390 racemo
753 1351 962 1391 terminali
989 1351 1081 1392 laxe
1102 1352 1305 1401 3·4-floro‚
1325 1353 1537 1405 pedicellis
1564 1354 1704 1406 calyce
1729 1355 1805 1396 sub
1839 1368 1903 1396 re-

327 1400 510 1441 vioribus
541 1401 772 1443 bracteatis
802 1402 1028 1444 fructiferis
1059 1405 1321 1454 nutantibus,
1343 1406 1495 1458 sepalis
1525 1408 1706 1448 externis
1736 1408 1902 1449 lineari-

327 1452 572 1494 lanceolatis
597 1454 773 1495 internis
807 1455 932 1507 duplo
963 1456 1220 1508 longioribus
1254 1458 1421 1499 demum
1450 1460 1784 1501 accrescentibus
1816 1461 1902 1502 late

328 1506 462 1546 ovatis
501 1510 621 1547 extus
658 1507 820 1548 minute
858 1509 1112 1550 tomentellis
1150 1511 1287 1551 nervis
1325 1511 1497 1552 elevatis
1536 1513 1666 1553 ternis
1704 1513 1902 1565 utrinque

329 1558 565 1607 ramulosis,
582 1559 732 1611 petalis
739 1593 836 1608 ......
860 1562 1032 1613 capsula
1050 1562 1254 1614 puberula
1286 1577 1312 1614 5
1329 1595 1338 1604 .

384 1628 479 1664 Hab.
496 1630 532 1663 in
553 1630 713 1665 Caucaso
732 1632 902 1666 orientali
920 1632 967 1667 ad
986 1638 1129 1676 portam
1149 1634 1407 1678 Daghestaniae
1424 1646 1535 1679 supra
1553 1635 1636 1670 fluv.
1655 1637 1770 1672 Sulak
1783 1647 1901 1681 prope

340 1675 454 1710 Gimri
477 1679 687 1712 1800-3000'
707 1678 835 1722 (Rupr.
848 1680 883 1721 1).

388 1739 686 1775 Ramosissimum
706 1743 814 1777 ramis
835 1743 1160 1788 3-4-p011icaribus,
1181 1743 1270 1779 folia
1295 1747 1356 1779 2-4
1377 1745 1491 1780 lineas
1515 1746 1640 1790 longa;
1661 1747 1787 1790 sepala
1809 1748 1900 1782 inte-

338 1786 438 1821 riora
454 1787 490 1821 in
510 1787 631 1822 fructu
652 1790 672 1822 5
693 1788 807 1824 lineas
828 1789 937 1833 longa.
952 1792 972 1824 3
993 1791 1070 1825 lata
1086 1797 1127 1825 ut
1149 1792 1185 1825 in
1204 1792 1253 1826 H.
1270 1793 1439 1827 vesicario
1458 1792 1597 1837 inflata,
1619 1794 1682 1829 sed
1705 1794 1752 1828 ad
1769 1804 1899 1829 nervos

339 1833 583 1915 1Ι1)0111111131113
614 1840 650 1869 et
677 1837 778 1871 nervi
813 1837 982 1881 utrinque
1013 1848 1079 1872 nec
1109 1845 1251 1873 1311111111
1283 1839 1330 1873 ad
1363 1840 1459 1874 latus
1495 1847 1685 1875 externum
1714 1841 1900 1876 ramulosi.

373 1886 432 1915 eta
450 1891 472 1915 a
489 1892 559 1916 non
579 1887 677 1916 nota.

655 2115 864 2157 ORDO
904 2118 976 2158 Χ.
1019 2119 1462 2160 VIOLARIEAE

220 2294 316 2340 454,
346 2303 422 2343 pro
439 2291 594 2333 viola
614 2294 979 2345 puchyrrhiza
998 2296 1091 2348 lege
1110 2297 1486 2348 pachyrrhiza.

217 2412 312 2460 454,
342 2411 404 2451 V.
429 2412 856 2463 Kamtschatica,
877 2414 1010 2456 adde:

336 2498 537 2589 (RHab.fin
556 2499 817 2591 ng'giestaniae
833 2502 984 2546 rupibus
1004 2502 1182 2538 umbrosis
1201 2514 1325 2539 versus
1340 2504 1458 2539 fontes
1475 2504 1573 2540 fluvii
1587 2505 1782 2541 Ilanchewi
1795 2508 1899 2541 6000'

387 2557 467 2589 upr.
505 2553 597 2581 111011
619 2574 643 2581 ..
662 2574 669 2582 .

214 2664 311 2711 455,
341 2666 436 2714 post
454 2663 515 2702 V.
538 2663 866 2716 uliginosam
885 2665 1047 2707 insere:

373 2749 435 2788 V.
459 2750 694 2791 Patrinii
715 2752 802 2803 (nc.
825 2752 972 2794 Prodr.
994 2753 1028 2801 Ι,
1052 2753 1146 2805 293)
1164 2754 1321 2795 acaulis
1347 2755 1623 2804 exstolonosa,
1649 2755 1791 2797 radice
1813 2767 1896 2797 non

325 2801 566 2850 articulata,
602 2802 708 2844 foliis
735 2805 892 2856 glabris
923 2806 987 2847 vel
1012 2805 1134 2847 hirtis
1163 2818 1188 2846 a
1213 2806 1303 2848 basi
1329 2807 1585 2848 subcordata
1610 2810 1808 2849 truncata
1831 2809 1897 2850 vel

325 2856 507 2894 cuneata
526 2855 716 2907 oblongis
742 2858 805 2898 vel
832 2858 1374 2911 oblongo-triangularibus,
1403 2861 1557 2912 petiolo
1583 2873 1763 2913 superne
1787 2873 1898 2914 saepe

324 2906 519 2955 dilatato,
536 2906 706 2949 floribus
722 2910 844 2962 longe
862 2911 1169 2963 pedunculatis,
1189 2913 1352 2964 stipulis
1369 2913 1595 2954 linearibus
1611 2913 1777 2955 adnatis
1792 2914 1898 2954 iute-

322 2959 424 3009 gris,
442 2960 593 3011 sepalis
613 2961 855 3003 lanceolatis
869 2964 1138 3006 acutiusculis
1158 2965 1457 3016 appendicibus
1473 2966 1725 3015 rotundatis,
1744 2966 1896 3019 petalis
