<?xml version="1.0" encoding="UTF-8"?>
<!DOCTYPE html PUBLIC "-//W3C//DTD XHTML 1.0 Transitional//EN"
    "http://www.w3.org/TR/xhtml1/DTD/xhtml1-transitional.dtd">
<html xmlns="http://www.w3.org/1999/xhtml" xml:lang="en" lang="en">
 <head>
  <title>
</title>
<meta http-equiv="Content-Type" content="text/html;charset=utf-8" />
  <meta name='ocr-system' content='tesseract 3.04.00' />
  <meta name='ocr-capabilities' content='ocr_page ocr_carea ocr_par ocr_line ocrx_word'/>
</head>
<body>
  <div class='ocr_page' id='page_1' title='image "./floraorientaliss00bois_0080.png"; bbox 0 0 2094 3351; ppageno 0'>
   <div class='ocr_carea' id='block_1_1' title="bbox 221 256 1893 443">
    <p class='ocr_par' dir='ltr' id='par_1_1' title="bbox 221 256 1893 443">
     <span class='ocr_line' id='line_1_1' title="bbox 221 256 1893 303; baseline 0.002 -14"><span class='ocrx_word' id='word_1_1' title='bbox 221 258 266 292; x_wconf 74' lang='lat'>:38</span> <span class='ocrx_word' id='word_1_2' title='bbox 947 268 1171 293; x_wconf 58' lang='lat' dir='ltr'>unveisans.</span> <span class='ocrx_word' id='word_1_3' title='bbox 1672 256 1893 303; x_wconf 74' lang='lat' dir='ltr'>Erysimum.</span> 
     </span>
     <span class='ocr_line' id='line_1_2' title="bbox 241 338 309 371; baseline 0.015 -8"><span class='ocrx_word' id='word_1_4' title='bbox 241 338 309 371; x_wconf 72' lang='lat' dir='ltr'>l&#39;ag.</span> 
     </span>
     <span class='ocr_line' id='line_1_3' title="bbox 225 391 918 443; baseline 0 -12"><span class='ocrx_word' id='word_1_5' title='bbox 225 394 313 438; x_wconf 80' lang='grc'>194,</span> <span class='ocrx_word' id='word_1_6' title='bbox 347 392 403 432; x_wconf 89' lang='grc' dir='ltr'>Ε.</span> <span class='ocrx_word' id='word_1_7' title='bbox 427 392 758 443; x_wconf 85' lang='lat' dir='ltr'>asperulum,</span> <span class='ocrx_word' id='word_1_8' title='bbox 784 391 918 431; x_wconf 89' lang='lat' dir='ltr'>adde:</span> 
     </span>
    </p>
   </div>
   <div class='ocr_carea' id='block_1_2' title="bbox 339 478 1896 569">
    <p class='ocr_par' dir='ltr' id='par_1_2' title="bbox 339 478 1896 569">
     <span class='ocr_line' id='line_1_4' title="bbox 339 478 1896 569; baseline -0.001 -55"><span class='ocrx_word' id='word_1_9' title='bbox 339 479 703 569; x_wconf 43' lang='lat' dir='ltr'>30(}){Oae³,b(.Hinh1l·eg.i)one</span> <span class='ocrx_word' id='word_1_10' title='bbox 724 479 884 513; x_wconf 74' lang='lat' dir='ltr'>abietina</span> <span class='ocrx_word' id='word_1_11' title='bbox 904 478 1076 513; x_wconf 88' lang='lat' dir='ltr'>inferiore</span> <span class='ocrx_word' id='word_1_12' title='bbox 1095 478 1225 512; x_wconf 87' lang='lat' dir='ltr'>montis</span> <span class='ocrx_word' id='word_1_13' title='bbox 1246 478 1371 512; x_wconf 85' lang='lat' dir='ltr'><strong>Korax</strong></span> <span class='ocrx_word' id='word_1_14' title='bbox 1392 478 1540 513; x_wconf 84' lang='lat' dir='ltr'>AEtoliae</span> <span class='ocrx_word' id='word_1_15' title='bbox 1561 489 1675 522; x_wconf 89' lang='lat' dir='ltr'>prope</span> <span class='ocrx_word' id='word_1_16' title='bbox 1701 478 1896 513; x_wconf 87' lang='lat' dir='ltr'>Musinitza</span> 
     </span>
     <span class='ocr_line' id='line_1_5' title="bbox 434 531 648 560; baseline -0.009 1"><span class='ocrx_word' id='word_1_17' title='bbox 434 531 441 541; x_wconf 92' lang='lat'><em>&#39;</em></span> <span class='ocrx_word' id='word_1_18' title='bbox 514 537 532 560; x_wconf 78' lang='lat' dir='ltr'>e</span> <span class='ocrx_word' id='word_1_19' title='bbox 577 538 621 560; x_wconf 91' lang='lat' dir='ltr'>r..</span> <span class='ocrx_word' id='word_1_20' title='bbox 642 553 648 559; x_wconf 92' lang='lat'>.</span> 
     </span>
    </p>
   </div>
   <div class='ocr_carea' id='block_1_3' title="bbox 341 589 1897 681">
    <p class='ocr_par' dir='ltr' id='par_1_3' title="bbox 341 589 1897 681">
     <span class='ocr_line' id='line_1_6' title="bbox 389 589 1897 635; baseline -0.001 -10"><span class='ocrx_word' id='word_1_21' title='bbox 389 592 466 625; x_wconf 73' lang='lat' dir='ltr'>Huc</span> <span class='ocrx_word' id='word_1_22' title='bbox 489 601 630 635; x_wconf 88' lang='lat' dir='ltr'>quoque</span> <span class='ocrx_word' id='word_1_23' title='bbox 651 596 816 634; x_wconf 86' lang='lat' dir='ltr'>spectare</span> <span class='ocrx_word' id='word_1_24' title='bbox 837 589 979 624; x_wconf 90' lang='lat' dir='ltr'>videtur</span> <span class='ocrx_word' id='word_1_25' title='bbox 999 590 1180 633; x_wconf 82' lang='lat' dir='ltr'>specimen</span> <span class='ocrx_word' id='word_1_26' title='bbox 1195 589 1394 624; x_wconf 81' lang='lat' dir='ltr'>floriferum</span> <span class='ocrx_word' id='word_1_27' title='bbox 1408 600 1430 624; x_wconf 80' lang='lat' dir='ltr'>a</span> <span class='ocrx_word' id='word_1_28' title='bbox 1451 590 1493 624; x_wconf 91' lang='lat' dir='ltr'>cl.</span> <span class='ocrx_word' id='word_1_29' title='bbox 1508 589 1704 624; x_wconf 88' lang='lat' dir='ltr'>Heldreich</span> <span class='ocrx_word' id='word_1_30' title='bbox 1721 590 1757 624; x_wconf 93' lang='lat' dir='ltr'>in</span> <span class='ocrx_word' id='word_1_31' title='bbox 1776 594 1897 625; x_wconf 88' lang='lat' dir='ltr'>monte</span> 
     </span>
     <span class='ocr_line' id='line_1_7' title="bbox 341 637 1016 681; baseline -0.003 -9"><span class='ocrx_word' id='word_1_32' title='bbox 341 638 567 672; x_wconf 89' lang='lat' dir='ltr'>Panachaico</span> <span class='ocrx_word' id='word_1_33' title='bbox 589 648 702 681; x_wconf 87' lang='lat' dir='ltr'>prope</span> <span class='ocrx_word' id='word_1_34' title='bbox 723 638 852 671; x_wconf 86' lang='lat' dir='ltr'>Patras</span> <span class='ocrx_word' id='word_1_35' title='bbox 874 637 1016 671; x_wconf 86' lang='lat' dir='ltr'>lectum.</span> 
     </span>
    </p>
   </div>
   <div class='ocr_carea' id='block_1_4' title="bbox 226 754 1899 914">
    <p class='ocr_par' dir='ltr' id='par_1_4' title="bbox 226 754 1899 914">
     <span class='ocr_line' id='line_1_8' title="bbox 226 754 1897 808; baseline -0.001 -11"><span class='ocrx_word' id='word_1_36' title='bbox 226 761 314 805; x_wconf 78' lang='lat'>195,</span> <span class='ocrx_word' id='word_1_37' title='bbox 347 758 403 797; x_wconf 87' lang='grc' dir='ltr'>Ε.</span> <span class='ocrx_word' id='word_1_38' title='bbox 444 757 710 797; x_wconf 86' lang='lat' dir='ltr'>scabrum‘</span> <span class='ocrx_word' id='word_1_39' title='bbox 741 769 748 795; x_wconf 89' lang='lat'>:</span> <span class='ocrx_word' id='word_1_40' title='bbox 792 756 884 796; x_wconf 78' lang='lat' dir='ltr'>Hssc</span> <span class='ocrx_word' id='word_1_41' title='bbox 917 755 1192 807; x_wconf 80' lang='lat' dir='ltr'>probabiliter</span> <span class='ocrx_word' id='word_1_42' title='bbox 1225 754 1486 796; x_wconf 83' lang='lat' dir='ltr'>referendum</span> <span class='ocrx_word' id='word_1_43' title='bbox 1529 755 1581 796; x_wconf 88' lang='grc' dir='ltr'>Ε.</span> <span class='ocrx_word' id='word_1_44' title='bbox 1619 755 1897 808; x_wconf 70' lang='lat' dir='ltr'>yoniocaulon</span> 
     </span>
     <span class='ocr_line' id='line_1_9' title="bbox 329 807 1899 864; baseline 0 -15"><span class='ocrx_word' id='word_1_45' title='bbox 329 822 416 850; x_wconf 88' lang='lat' dir='ltr'>var.</span> <span class='ocrx_word' id='word_1_46' title='bbox 451 813 488 864; x_wconf 87' lang='grc' dir='ltr'>β.</span> <span class='ocrx_word' id='word_1_47' title='bbox 523 809 853 861; x_wconf 72' lang='lat' dir='ltr'>brachycarpmn</span> <span class='ocrx_word' id='word_1_48' title='bbox 888 808 1004 859; x_wconf 84' lang='lat' dir='ltr'>qu&#39;us</span> <span class='ocrx_word' id='word_1_49' title='bbox 1033 809 1191 860; x_wconf 82' lang='lat' dir='ltr'>siliquae</span> <span class='ocrx_word' id='word_1_50' title='bbox 1226 812 1404 849; x_wconf 85' lang='lat' dir='ltr'>maturae</span> <span class='ocrx_word' id='word_1_51' title='bbox 1438 807 1660 849; x_wconf 87' lang='lat' dir='ltr'>manifeste</span> <span class='ocrx_word' id='word_1_52' title='bbox 1692 807 1899 860; x_wconf 86' lang='lat' dir='ltr'>quadran—</span> 
     </span>
     <span class='ocr_line' id='line_1_10' title="bbox 329 860 1630 914; baseline -0.001 -12"><span class='ocrx_word' id='word_1_53' title='bbox 329 862 435 913; x_wconf 79' lang='lat' dir='ltr'>gulae</span> <span class='ocrx_word' id='word_1_54' title='bbox 453 867 551 902; x_wconf 90' lang='lat' dir='ltr'>sunt</span> <span class='ocrx_word' id='word_1_55' title='bbox 571 866 613 902; x_wconf 88' lang='lat' dir='ltr'>et</span> <span class='ocrx_word' id='word_1_56' title='bbox 632 861 725 902; x_wconf 90' lang='lat' dir='ltr'>ideo</span> <span class='ocrx_word' id='word_1_57' title='bbox 752 861 803 901; x_wconf 87' lang='lat' dir='ltr'>ab</span> <span class='ocrx_word' id='word_1_58' title='bbox 831 862 889 902; x_wconf 88' lang='lat' dir='ltr'>eis</span> <span class='ocrx_word' id='word_1_59' title='bbox 909 861 963 902; x_wconf 89' lang='grc' dir='ltr'>Ε.</span> <span class='ocrx_word' id='word_1_60' title='bbox 982 860 1224 914; x_wconf 49' lang='grc' dir='ltr'>,ᾳοηίοεαῑιῑὶ</span> <span class='ocrx_word' id='word_1_61' title='bbox 1248 860 1460 901; x_wconf 87' lang='lat' dir='ltr'>differunt.</span> <span class='ocrx_word' id='word_1_62' title='bbox 1481 860 1600 902; x_wconf 83' lang='lat' dir='ltr'>Adde</span> <span class='ocrx_word' id='word_1_63' title='bbox 1622 874 1630 901; x_wconf 91' lang='lat'>:</span> 
     </span>
    </p>
   </div>
   <div class='ocr_carea' id='block_1_5' title="bbox 388 933 1007 974">
    <p class='ocr_par' dir='ltr' id='par_1_5' title="bbox 388 933 1007 974">
     <span class='ocr_line' id='line_1_11' title="bbox 388 933 1007 974; baseline -0.002 -7"><span class='ocrx_word' id='word_1_64' title='bbox 388 933 478 967; x_wconf 88' lang='lat' dir='ltr'>Hab.</span> <span class='ocrx_word' id='word_1_65' title='bbox 500 934 535 967; x_wconf 89' lang='lat' dir='ltr'>in</span> <span class='ocrx_word' id='word_1_66' title='bbox 555 938 675 967; x_wconf 86' lang='lat' dir='ltr'>monte</span> <span class='ocrx_word' id='word_1_67' title='bbox 697 933 817 967; x_wconf 89' lang='lat' dir='ltr'>Cassio</span> <span class='ocrx_word' id='word_1_68' title='bbox 835 933 1007 974; x_wconf 83' lang='lat' dir='ltr'>(Boiss.!).</span> 
     </span>
    </p>
   </div>
   <div class='ocr_carea' id='block_1_6' title="bbox 228 1065 1165 1116">
    <p class='ocr_par' dir='ltr' id='par_1_6' title="bbox 228 1065 1165 1116">
     <span class='ocr_line' id='line_1_12' title="bbox 228 1065 1165 1116; baseline -0.001 -11"><span class='ocrx_word' id='word_1_69' title='bbox 228 1068 316 1113; x_wconf 78' lang='lat'>195,</span> <span class='ocrx_word' id='word_1_70' title='bbox 348 1068 443 1116; x_wconf 84' lang='lat' dir='ltr'>post</span> <span class='ocrx_word' id='word_1_71' title='bbox 461 1066 517 1105; x_wconf 88' lang='grc' dir='ltr'>Ε.</span> <span class='ocrx_word' id='word_1_72' title='bbox 540 1065 978 1115; x_wconf 81' lang='lat' dir='ltr'>brachycarpum</span> <span class='ocrx_word' id='word_1_73' title='bbox 999 1065 1134 1105; x_wconf 89' lang='lat' dir='ltr'>insere</span> <span class='ocrx_word' id='word_1_74' title='bbox 1157 1077 1165 1104; x_wconf 90' lang='lat'><strong>:</strong></span> 
     </span>
    </p>
   </div>
   <div class='ocr_carea' id='block_1_7' title="bbox 330 1132 1902 1497">
    <p class='ocr_par' dir='ltr' id='par_1_7' title="bbox 330 1132 1902 1497">
     <span class='ocr_line' id='line_1_13' title="bbox 385 1132 1901 1185; baseline 0.001 -13"><span class='ocrx_word' id='word_1_75' title='bbox 385 1134 437 1173; x_wconf 87' lang='grc' dir='ltr'>Ε.</span> <span class='ocrx_word' id='word_1_76' title='bbox 462 1133 763 1173; x_wconf 85' lang='lat' dir='ltr'>Kurdicum</span> <span class='ocrx_word' id='word_1_77' title='bbox 785 1132 935 1183; x_wconf 87' lang='lat' dir='ltr'>(Boiss.</span> <span class='ocrx_word' id='word_1_78' title='bbox 959 1137 1001 1173; x_wconf 90' lang='lat' dir='ltr'>et</span> <span class='ocrx_word' id='word_1_79' title='bbox 1022 1132 1224 1182; x_wconf 84' lang='lat' dir='ltr'>Haussk.]</span> <span class='ocrx_word' id='word_1_80' title='bbox 1245 1132 1396 1173; x_wconf 88' lang='lat' dir='ltr'>bienne</span> <span class='ocrx_word' id='word_1_81' title='bbox 1415 1132 1509 1185; x_wconf 92' lang='lat' dir='ltr'>pilis</span> <span class='ocrx_word' id='word_1_82' title='bbox 1529 1132 1737 1185; x_wconf 89' lang='lat' dir='ltr'>adpressis</span> <span class='ocrx_word' id='word_1_83' title='bbox 1762 1132 1901 1185; x_wconf 85' lang='lat' dir='ltr'>bipar-</span> 
     </span>
     <span class='ocr_line' id='line_1_14' title="bbox 331 1185 1900 1237; baseline 0 -11"><span class='ocrx_word' id='word_1_84' title='bbox 331 1186 418 1226; x_wconf 80' lang='lat' dir='ltr'>titis</span> <span class='ocrx_word' id='word_1_85' title='bbox 441 1191 483 1226; x_wconf 87' lang='lat' dir='ltr'>et</span> <span class='ocrx_word' id='word_1_86' title='bbox 502 1186 765 1237; x_wconf 79' lang='lat' dir='ltr'>paucioribus</span> <span class='ocrx_word' id='word_1_87' title='bbox 787 1185 969 1226; x_wconf 84' lang='lat' dir='ltr'>3-4-f1dis</span> <span class='ocrx_word' id='word_1_88' title='bbox 1001 1197 1239 1234; x_wconf 87' lang='lat' dir='ltr'>canescens,</span> <span class='ocrx_word' id='word_1_89' title='bbox 1264 1186 1452 1226; x_wconf 90' lang='lat' dir='ltr'>caulibus</span> <span class='ocrx_word' id='word_1_90' title='bbox 1473 1185 1757 1226; x_wconf 88' lang='lat' dir='ltr'>crassiusculis</span> <span class='ocrx_word' id='word_1_91' title='bbox 1777 1189 1900 1226; x_wconf 84' lang='lat' dir='ltr'>acute</span> 
     </span>
     <span class='ocr_line' id='line_1_15' title="bbox 332 1237 1900 1291; baseline 0.001 -13"><span class='ocrx_word' id='word_1_92' title='bbox 332 1239 543 1291; x_wconf 86' lang='lat' dir='ltr'>angulatis</span> <span class='ocrx_word' id='word_1_93' title='bbox 558 1239 703 1279; x_wconf 87' lang='lat' dir='ltr'>stricte</span> <span class='ocrx_word' id='word_1_94' title='bbox 717 1238 905 1286; x_wconf 82' lang='lat' dir='ltr'>ramosiS‚</span> <span class='ocrx_word' id='word_1_95' title='bbox 923 1237 1030 1279; x_wconf 90' lang='lat' dir='ltr'>foliis</span> <span class='ocrx_word' id='word_1_96' title='bbox 1046 1239 1220 1290; x_wconf 83' lang='lat' dir='ltr'>integris</span> <span class='ocrx_word' id='word_1_97' title='bbox 1239 1238 1626 1290; x_wconf 88' lang='lat' dir='ltr'>obovato-oblongis</span> <span class='ocrx_word' id='word_1_98' title='bbox 1641 1239 1683 1279; x_wconf 91' lang='lat' dir='ltr'>in</span> <span class='ocrx_word' id='word_1_99' title='bbox 1699 1238 1900 1291; x_wconf 89' lang='lat' dir='ltr'>petiolum</span> 
     </span>
     <span class='ocr_line' id='line_1_16' title="bbox 330 1290 1896 1344; baseline -0.001 -12"><span class='ocrx_word' id='word_1_100' title='bbox 330 1292 497 1333; x_wconf 89' lang='lat' dir='ltr'>brevem</span> <span class='ocrx_word' id='word_1_101' title='bbox 532 1291 777 1339; x_wconf 86' lang='lat' dir='ltr'>attenuatis,</span> <span class='ocrx_word' id='word_1_102' title='bbox 813 1290 983 1331; x_wconf 83' lang='lat' dir='ltr'>floribus</span> <span class='ocrx_word' id='word_1_103' title='bbox 1014 1291 1293 1332; x_wconf 80' lang='lat' dir='ltr'>mediocribus</span> <span class='ocrx_word' id='word_1_104' title='bbox 1327 1290 1466 1339; x_wconf 90' lang='lat' dir='ltr'>luteis,</span> <span class='ocrx_word' id='word_1_105' title='bbox 1502 1290 1642 1344; x_wconf 82' lang='lat' dir='ltr'>calyce</span> <span class='ocrx_word' id='word_1_106' title='bbox 1672 1291 1896 1340; x_wconf 88' lang='lat' dir='ltr'>bisaccato‚</span> 
     </span>
     <span class='ocr_line' id='line_1_17' title="bbox 330 1343 1902 1396; baseline -0.001 -11"><span class='ocrx_word' id='word_1_107' title='bbox 330 1345 506 1385; x_wconf 86' lang='lat' dir='ltr'>racemis</span> <span class='ocrx_word' id='word_1_108' title='bbox 540 1343 765 1384; x_wconf 82' lang='lat' dir='ltr'>fructiferis</span> <span class='ocrx_word' id='word_1_109' title='bbox 796 1343 917 1384; x_wconf 90' lang='lat' dir='ltr'>valde</span> <span class='ocrx_word' id='word_1_110' title='bbox 952 1343 1156 1396; x_wconf 89' lang='lat' dir='ltr'>elongatis</span> <span class='ocrx_word' id='word_1_111' title='bbox 1194 1344 1484 1392; x_wconf 76' lang='lat' dir='ltr'>strictissimis,</span> <span class='ocrx_word' id='word_1_112' title='bbox 1521 1344 1680 1396; x_wconf 88' lang='lat' dir='ltr'>siliquis</span> <span class='ocrx_word' id='word_1_113' title='bbox 1717 1343 1902 1385; x_wconf 87' lang='lat' dir='ltr'>breviter</span> 
     </span>
     <span class='ocr_line' id='line_1_18' title="bbox 331 1396 1899 1450; baseline 0 -13"><span class='ocrx_word' id='word_1_114' title='bbox 331 1396 589 1449; x_wconf 87' lang='lat' dir='ltr'>pedicellatis</span> <span class='ocrx_word' id='word_1_115' title='bbox 610 1397 675 1436; x_wconf 82' lang='lat' dir='ltr'>axi</span> <span class='ocrx_word' id='word_1_116' title='bbox 707 1396 1032 1448; x_wconf 88' lang='lat' dir='ltr'>adpressissimis</span> <span class='ocrx_word' id='word_1_117' title='bbox 1052 1396 1352 1449; x_wconf 82' lang='lat' dir='ltr'>quadrangulis</span> <span class='ocrx_word' id='word_1_118' title='bbox 1371 1396 1625 1438; x_wconf 89' lang='lat' dir='ltr'>brevissimis</span> <span class='ocrx_word' id='word_1_119' title='bbox 1645 1396 1754 1450; x_wconf 89' lang='lat' dir='ltr'>stylo</span> <span class='ocrx_word' id='word_1_120' title='bbox 1784 1396 1899 1437; x_wconf 86' lang='lat' dir='ltr'>brevi</span> 
     </span>
     <span class='ocr_line' id='line_1_19' title="bbox 333 1449 984 1497; baseline -0.005 -6"><span class='ocrx_word' id='word_1_121' title='bbox 333 1451 475 1491; x_wconf 90' lang='lat' dir='ltr'>conico</span> <span class='ocrx_word' id='word_1_122' title='bbox 505 1453 645 1490; x_wconf 88' lang='lat' dir='ltr'>retuso</span> <span class='ocrx_word' id='word_1_123' title='bbox 666 1449 902 1489; x_wconf 87' lang='lat' dir='ltr'>terminatis</span> <span class='ocrx_word' id='word_1_124' title='bbox 921 1452 984 1497; x_wconf 73' lang='grc'><strong>(2).</strong></span> 
     </span>
    </p>
   </div>
   <div class='ocr_carea' id='block_1_8' title="bbox 344 1519 1899 1611">
    <p class='ocr_par' dir='ltr' id='par_1_8' title="bbox 344 1519 1899 1611">
     <span class='ocr_line' id='line_1_20' title="bbox 344 1519 1899 1611; baseline -0.001 -56"><span class='ocrx_word' id='word_1_125' title='bbox 344 1570 363 1602; x_wconf 72' lang='lat'>5</span> <span class='ocrx_word' id='word_1_126' title='bbox 383 1521 482 1602; x_wconf 45' lang='grc' dir='ltr'>ῧὶὅῐό</span> <span class='ocrx_word' id='word_1_127' title='bbox 504 1521 551 1611; x_wconf 69' lang='grc' dir='ltr'>(ἰὲ</span> <span class='ocrx_word' id='word_1_128' title='bbox 577 1521 790 1611; x_wconf 47' lang='grc' dir='ltr'>ςτῆιῐζηίᾶιοείε</span> <span class='ocrx_word' id='word_1_129' title='bbox 818 1521 991 1555; x_wconf 90' lang='lat' dir='ltr'>montium</span> <span class='ocrx_word' id='word_1_130' title='bbox 1020 1520 1164 1556; x_wconf 88' lang='lat' dir='ltr'>Schahu</span> <span class='ocrx_word' id='word_1_131' title='bbox 1194 1526 1229 1555; x_wconf 93' lang='lat' dir='ltr'>et</span> <span class='ocrx_word' id='word_1_132' title='bbox 1257 1522 1441 1556; x_wconf 84' lang='lat' dir='ltr'>Avroman</span> <span class='ocrx_word' id='word_1_133' title='bbox 1468 1519 1714 1555; x_wconf 88' lang='lat' dir='ltr'>Kurdistaniae</span> <span class='ocrx_word' id='word_1_134' title='bbox 1743 1520 1899 1555; x_wconf 86' lang='lat' dir='ltr'>Persicae</span> 
     </span>
     <span class='ocr_line' id='line_1_21' title="bbox 368 1570 637 1602; baseline -0.009 1"><span class='ocrx_word' id='word_1_135' title='bbox 368 1588 379 1593; x_wconf 98' lang='lat'><em>-</em></span> <span class='ocrx_word' id='word_1_136' title='bbox 478 1570 486 1583; x_wconf 88' lang='lat'><em>&#39;</em></span> <span class='ocrx_word' id='word_1_137' title='bbox 555 1578 637 1602; x_wconf 87' lang='lat' dir='ltr'>auss</span> 
     </span>
    </p>
   </div>
   <div class='ocr_carea' id='block_1_9' title="bbox 344 1631 1901 1770">
    <p class='ocr_par' dir='ltr' id='par_1_9' title="bbox 344 1631 1901 1770">
     <span class='ocr_line' id='line_1_22' title="bbox 390 1631 1901 1676; baseline -0.002 -9"><span class='ocrx_word' id='word_1_138' title='bbox 390 1633 538 1668; x_wconf 88' lang='lat' dir='ltr'>Racemi</span> <span class='ocrx_word' id='word_1_139' title='bbox 564 1631 744 1666; x_wconf 81' lang='lat' dir='ltr'>fructiferi</span> <span class='ocrx_word' id='word_1_140' title='bbox 780 1631 1034 1676; x_wconf 80' lang='lat' dir='ltr'>¹l2-1-pedales,</span> <span class='ocrx_word' id='word_1_141' title='bbox 1060 1632 1199 1676; x_wconf 87' lang='lat' dir='ltr'>siliquae</span> <span class='ocrx_word' id='word_1_142' title='bbox 1228 1634 1311 1667; x_wconf 92' lang='lat'>7-10</span> <span class='ocrx_word' id='word_1_143' title='bbox 1337 1632 1452 1667; x_wconf 81' lang='lat' dir='ltr'>lineas</span> <span class='ocrx_word' id='word_1_144' title='bbox 1479 1636 1620 1667; x_wconf 87' lang='lat' dir='ltr'>tantum</span> <span class='ocrx_word' id='word_1_145' title='bbox 1645 1631 1775 1676; x_wconf 87' lang='lat' dir='ltr'>longae,</span> <span class='ocrx_word' id='word_1_146' title='bbox 1795 1631 1901 1665; x_wconf 88' lang='lat' dir='ltr'>lineae</span> 
     </span>
     <span class='ocr_line' id='line_1_23' title="bbox 348 1677 1901 1724; baseline -0.002 -9"><span class='ocrx_word' id='word_1_147' title='bbox 348 1679 385 1721; x_wconf 71' lang='lat' dir='ltr'>&#39;ss</span> <span class='ocrx_word' id='word_1_148' title='bbox 426 1681 522 1714; x_wconf 81' lang='lat' dir='ltr'>latae.</span> <span class='ocrx_word' id='word_1_149' title='bbox 557 1679 680 1714; x_wconf 89' lang='lat' dir='ltr'>Affine</span> <span class='ocrx_word' id='word_1_150' title='bbox 716 1679 762 1713; x_wconf 83' lang='lat' dir='ltr'>E.</span> <span class='ocrx_word' id='word_1_151' title='bbox 803 1680 1040 1724; x_wconf 78' lang='lat' dir='ltr'>brachycarpo</span> <span class='ocrx_word' id='word_1_152' title='bbox 1074 1678 1170 1714; x_wconf 88' lang='lat' dir='ltr'>foliis</span> <span class='ocrx_word' id='word_1_153' title='bbox 1202 1679 1493 1715; x_wconf 88' lang='lat' dir='ltr'>inciso-dentatis</span> <span class='ocrx_word' id='word_1_154' title='bbox 1522 1679 1762 1723; x_wconf 81' lang='lat' dir='ltr'>stigmateque</span> <span class='ocrx_word' id='word_1_155' title='bbox 1790 1677 1901 1722; x_wconf 90' lang='lat' dir='ltr'>duplo</span> 
     </span>
     <span class='ocr_line' id='line_1_24' title="bbox 344 1726 951 1770; baseline -0.003 -8"><span class='ocrx_word' id='word_1_156' title='bbox 344 1728 508 1762; x_wconf 86' lang='lat' dir='ltr'>tenuiore</span> <span class='ocrx_word' id='word_1_157' title='bbox 529 1733 564 1762; x_wconf 88' lang='lat' dir='ltr'>et</span> <span class='ocrx_word' id='word_1_158' title='bbox 584 1727 748 1770; x_wconf 87' lang='lat' dir='ltr'>longiore</span> <span class='ocrx_word' id='word_1_159' title='bbox 769 1726 951 1761; x_wconf 86' lang='lat' dir='ltr'>distincto.</span> 
     </span>
    </p>
   </div>
   <div class='ocr_carea' id='block_1_10' title="bbox 230 1867 1903 1966">
    <p class='ocr_par' dir='ltr' id='par_1_10' title="bbox 230 1867 1903 1966">
     <span class='ocr_line' id='line_1_25' title="bbox 230 1867 1903 1965; baseline -0.002 -53"><span class='ocrx_word' id='word_1_160' title='bbox 230 1875 318 1920; x_wconf 87' lang='lat'>197,</span> <span class='ocrx_word' id='word_1_161' title='bbox 352 1872 408 1912; x_wconf 87' lang='grc' dir='ltr'>Ε.</span> <span class='ocrx_word' id='word_1_162' title='bbox 443 1871 813 1965; x_wconf 51' lang='grc' dir='ltr'>ᾳῗςέίοοειωοη,</span> <span class='ocrx_word' id='word_1_163' title='bbox 845 1869 936 1911; x_wconf 89' lang='lat' dir='ltr'>dele</span> <span class='ocrx_word' id='word_1_164' title='bbox 964 1881 1052 1910; x_wconf 87' lang='lat' dir='ltr'>var.</span> <span class='ocrx_word' id='word_1_165' title='bbox 1081 1872 1118 1923; x_wconf 77' lang='grc' dir='ltr'><strong>β.</strong></span> <span class='ocrx_word' id='word_1_166' title='bbox 1149 1868 1484 1922; x_wconf 76' lang='lat' dir='ltr'>brachycarpum</span> <span class='ocrx_word' id='word_1_167' title='bbox 1508 1881 1599 1921; x_wconf 85' lang='lat' dir='ltr'>quae</span> <span class='ocrx_word' id='word_1_168' title='bbox 1625 1868 1679 1910; x_wconf 89' lang='lat' dir='ltr'>E.</span> <span class='ocrx_word' id='word_1_169' title='bbox 1709 1867 1903 1910; x_wconf 79' lang='lat' dir='ltr'>scabrum</span> 
     </span>
     <span class='ocr_line' id='line_1_26' title="bbox 332 1935 555 1966; baseline 0 -1"><span class='ocrx_word' id='word_1_170' title='bbox 332 1937 400 1966; x_wconf 84' lang='lat' dir='ltr'>Dc.</span> <span class='ocrx_word' id='word_1_171' title='bbox 430 1935 485 1965; x_wconf 86' lang='lat' dir='ltr'>sis</span> <span class='ocrx_word' id='word_1_172' title='bbox 508 1937 520 1964; x_wconf 89' lang='lat'>1</span> <span class='ocrx_word' id='word_1_173' title='bbox 547 1956 555 1965; x_wconf 93' lang='lat'><strong>.</strong></span> 
     </span>
    </p>
   </div>
   <div class='ocr_carea' id='block_1_11' title="bbox 231 2062 975 2115">
    <p class='ocr_par' dir='ltr' id='par_1_11' title="bbox 231 2062 975 2115">
     <span class='ocr_line' id='line_1_27' title="bbox 231 2062 975 2115; baseline -0.001 -11"><span class='ocrx_word' id='word_1_174' title='bbox 231 2067 320 2111; x_wconf 71' lang='lat'>198,</span> <span class='ocrx_word' id='word_1_175' title='bbox 353 2065 409 2104; x_wconf 92' lang='grc' dir='ltr'>Ε.</span> <span class='ocrx_word' id='word_1_176' title='bbox 434 2065 812 2115; x_wconf 74' lang='lat' dir='ltr'>Passqalense‚</span> <span class='ocrx_word' id='word_1_177' title='bbox 836 2062 944 2103; x_wconf 87' lang='lat' dir='ltr'>adde</span> <span class='ocrx_word' id='word_1_178' title='bbox 967 2076 975 2103; x_wconf 91' lang='lat'><strong>:</strong></span> 
     </span>
    </p>
   </div>
   <div class='ocr_carea' id='block_1_12' title="bbox 393 2148 1604 2192">
    <p class='ocr_par' dir='ltr' id='par_1_12' title="bbox 393 2148 1604 2192">
     <span class='ocr_line' id='line_1_28' title="bbox 393 2148 1604 2192; baseline -0.004 -5"><span class='ocrx_word' id='word_1_179' title='bbox 393 2153 486 2188; x_wconf 89' lang='lat' dir='ltr'>Hab.</span> <span class='ocrx_word' id='word_1_180' title='bbox 508 2154 543 2187; x_wconf 92' lang='lat' dir='ltr'>in</span> <span class='ocrx_word' id='word_1_181' title='bbox 562 2159 684 2187; x_wconf 87' lang='lat' dir='ltr'>monte</span> <span class='ocrx_word' id='word_1_182' title='bbox 703 2154 827 2188; x_wconf 85' lang='lat' dir='ltr'>Sawus</span> <span class='ocrx_word' id='word_1_183' title='bbox 852 2152 986 2186; x_wconf 88' lang='lat' dir='ltr'>Persiae</span> <span class='ocrx_word' id='word_1_184' title='bbox 1007 2149 1242 2185; x_wconf 85' lang='lat' dir='ltr'>occidentalis</span> <span class='ocrx_word' id='word_1_185' title='bbox 1262 2150 1366 2184; x_wconf 84' lang='lat'>8000&#39;</span> <span class='ocrx_word' id='word_1_186' title='bbox 1388 2148 1604 2192; x_wconf 86' lang='lat' dir='ltr'>(Haussk.!).</span> 
     </span>
    </p>
   </div>
   <div class='ocr_carea' id='block_1_13' title="bbox 230 2294 666 2345">
    <p class='ocr_par' dir='ltr' id='par_1_13' title="bbox 230 2294 666 2345">
     <span class='ocr_line' id='line_1_29' title="bbox 230 2294 666 2345; baseline -0.002 -11"><span class='ocrx_word' id='word_1_187' title='bbox 230 2297 321 2342; x_wconf 75' lang='lat'>200,</span> <span class='ocrx_word' id='word_1_188' title='bbox 355 2294 411 2334; x_wconf 89' lang='grc' dir='ltr'>Ε.</span> <span class='ocrx_word' id='word_1_189' title='bbox 435 2304 637 2345; x_wconf 87' lang='lat' dir='ltr'>anceps</span> <span class='ocrx_word' id='word_1_190' title='bbox 659 2306 666 2333; x_wconf 93' lang='lat'>:</span> 
     </span>
    </p>
   </div>
   <div class='ocr_carea' id='block_1_14' title="bbox 347 2375 1905 2662">
    <p class='ocr_par' dir='ltr' id='par_1_14' title="bbox 347 2375 1905 2662">
     <span class='ocr_line' id='line_1_30' title="bbox 394 2375 1903 2426; baseline -0.005 -9"><span class='ocrx_word' id='word_1_191' title='bbox 394 2383 539 2426; x_wconf 87' lang='lat' dir='ltr'>Species</span> <span class='ocrx_word' id='word_1_192' title='bbox 563 2387 604 2416; x_wconf 91' lang='lat' dir='ltr'>ut</span> <span class='ocrx_word' id='word_1_193' title='bbox 622 2382 764 2416; x_wconf 86' lang='lat' dir='ltr'>videtur</span> <span class='ocrx_word' id='word_1_194' title='bbox 791 2381 956 2416; x_wconf 85' lang='lat' dir='ltr'>delenda.</span> <span class='ocrx_word' id='word_1_195' title='bbox 977 2381 1166 2424; x_wconf 83' lang='lat' dir='ltr'>Specimen</span> <span class='ocrx_word' id='word_1_196' title='bbox 1185 2378 1346 2414; x_wconf 89' lang='lat' dir='ltr'>herbarii</span> <span class='ocrx_word' id='word_1_197' title='bbox 1363 2377 1567 2420; x_wconf 88' lang='lat' dir='ltr'>Ledebour,</span> <span class='ocrx_word' id='word_1_198' title='bbox 1594 2375 1688 2420; x_wconf 91' lang='lat' dir='ltr'>quod</span> <span class='ocrx_word' id='word_1_199' title='bbox 1708 2376 1745 2410; x_wconf 92' lang='lat' dir='ltr'>in</span> <span class='ocrx_word' id='word_1_200' title='bbox 1764 2375 1819 2410; x_wconf 87' lang='lat' dir='ltr'>Fl.</span> <span class='ocrx_word' id='word_1_201' title='bbox 1841 2375 1903 2410; x_wconf 91' lang='lat' dir='ltr'>Or.</span> 
     </span>
     <span class='ocr_line' id='line_1_31' title="bbox 348 2423 1904 2473; baseline -0.004 -9"><span class='ocrx_word' id='word_1_202' title='bbox 348 2429 534 2473; x_wconf 86' lang='lat' dir='ltr'>descripsi,</span> <span class='ocrx_word' id='word_1_203' title='bbox 564 2440 608 2464; x_wconf 84' lang='lat' dir='ltr'>ex</span> <span class='ocrx_word' id='word_1_204' title='bbox 636 2429 751 2472; x_wconf 87' lang='lat' dir='ltr'>Rupr.</span> <span class='ocrx_word' id='word_1_205' title='bbox 783 2429 838 2463; x_wconf 92' lang='lat' dir='ltr'>Fl.</span> <span class='ocrx_word' id='word_1_206' title='bbox 870 2429 977 2463; x_wconf 87' lang='lat' dir='ltr'>Cauc.</span> <span class='ocrx_word' id='word_1_207' title='bbox 1009 2439 1044 2471; x_wconf 93' lang='lat' dir='ltr'>p.</span> <span class='ocrx_word' id='word_1_208' title='bbox 1074 2429 1117 2461; x_wconf 81' lang='lat'>83</span> <span class='ocrx_word' id='word_1_209' title='bbox 1147 2426 1427 2461; x_wconf 84' lang='lat' dir='ltr'>commutatione</span> <span class='ocrx_word' id='word_1_210' title='bbox 1456 2423 1639 2459; x_wconf 86' lang='lat' dir='ltr'>schedulae</span> <span class='ocrx_word' id='word_1_211' title='bbox 1669 2434 1713 2458; x_wconf 83' lang='lat' dir='ltr'>ex</span> <span class='ocrx_word' id='word_1_212' title='bbox 1743 2423 1904 2458; x_wconf 85' lang='lat' dir='ltr'>Caucaso</span> 
     </span>
     <span class='ocr_line' id='line_1_32' title="bbox 350 2469 1905 2516; baseline -0.005 -5"><span class='ocrx_word' id='word_1_213' title='bbox 350 2477 520 2511; x_wconf 81' lang='lat' dir='ltr'>orientali</span> <span class='ocrx_word' id='word_1_214' title='bbox 537 2476 734 2510; x_wconf 86' lang='lat' dir='ltr'>indicatum</span> <span class='ocrx_word' id='word_1_215' title='bbox 752 2486 795 2510; x_wconf 87' lang='lat' dir='ltr'>ex</span> <span class='ocrx_word' id='word_1_216' title='bbox 815 2476 951 2509; x_wconf 77' lang='lat' dir='ltr'>Tauria</span> <span class='ocrx_word' id='word_1_217' title='bbox 971 2485 992 2509; x_wconf 90' lang='lat' dir='ltr'>a</span> <span class='ocrx_word' id='word_1_218' title='bbox 1013 2474 1205 2509; x_wconf 89' lang='lat' dir='ltr'>Ledebour</span> <span class='ocrx_word' id='word_1_219' title='bbox 1226 2478 1262 2508; x_wconf 88' lang='lat' dir='ltr'>et</span> <span class='ocrx_word' id='word_1_220' title='bbox 1283 2473 1368 2508; x_wconf 90' lang='lat' dir='ltr'>C.A.</span> <span class='ocrx_word' id='word_1_221' title='bbox 1395 2472 1520 2516; x_wconf 86' lang='lat' dir='ltr'>Meyer</span> <span class='ocrx_word' id='word_1_222' title='bbox 1540 2471 1673 2506; x_wconf 89' lang='lat' dir='ltr'>lectum</span> <span class='ocrx_word' id='word_1_223' title='bbox 1694 2469 1761 2504; x_wconf 81' lang='lat' dir='ltr'>fuit</span> <span class='ocrx_word' id='word_1_224' title='bbox 1778 2474 1814 2505; x_wconf 89' lang='lat' dir='ltr'>et</span> <span class='ocrx_word' id='word_1_225' title='bbox 1834 2469 1905 2503; x_wconf 86' lang='lat' dir='ltr'>for-</span> 
     </span>
     <span class='ocr_line' id='line_1_33' title="bbox 348 2519 1904 2566; baseline -0.005 -8"><span class='ocrx_word' id='word_1_226' title='bbox 348 2534 440 2558; x_wconf 88' lang='lat' dir='ltr'>mam</span> <span class='ocrx_word' id='word_1_227' title='bbox 466 2523 672 2558; x_wconf 83' lang='lat' dir='ltr'>induratam</span> <span class='ocrx_word' id='word_1_228' title='bbox 701 2528 961 2566; x_wconf 89' lang='lat' dir='ltr'>perennantem</span> <span class='ocrx_word' id='word_1_229' title='bbox 994 2522 1041 2556; x_wconf 81' lang='lat' dir='ltr'>E.</span> <span class='ocrx_word' id='word_1_230' title='bbox 1069 2520 1250 2565; x_wconf 77' lang='lat' dir='ltr'>cuspidati</span> <span class='ocrx_word' id='word_1_231' title='bbox 1280 2520 1386 2554; x_wconf 86' lang='lat' dir='ltr'>sistit.</span> <span class='ocrx_word' id='word_1_232' title='bbox 1417 2519 1462 2553; x_wconf 83' lang='lat' dir='ltr'>E.</span> <span class='ocrx_word' id='word_1_233' title='bbox 1487 2529 1616 2562; x_wconf 78' lang='lat' dir='ltr'>anceps</span> <span class='ocrx_word' id='word_1_234' title='bbox 1634 2519 1764 2553; x_wconf 88' lang='lat' dir='ltr'>Steven</span> <span class='ocrx_word' id='word_1_235' title='bbox 1783 2521 1904 2551; x_wconf 82' lang='lat' dir='ltr'>autem</span> 
     </span>
     <span class='ocr_line' id='line_1_34' title="bbox 348 2563 1905 2613; baseline -0.004 -9"><span class='ocrx_word' id='word_1_236' title='bbox 348 2582 471 2606; x_wconf 89' lang='lat' dir='ltr'>verum</span> <span class='ocrx_word' id='word_1_237' title='bbox 490 2576 525 2605; x_wconf 88' lang='lat' dir='ltr'>et</span> <span class='ocrx_word' id='word_1_238' title='bbox 542 2581 564 2605; x_wconf 86' lang='lat' dir='ltr'>a</span> <span class='ocrx_word' id='word_1_239' title='bbox 584 2570 812 2605; x_wconf 86' lang='lat' dir='ltr'>Ledebourio</span> <span class='ocrx_word' id='word_1_240' title='bbox 831 2569 1051 2613; x_wconf 86' lang='lat' dir='ltr'>descriptum</span> <span class='ocrx_word' id='word_1_241' title='bbox 1071 2579 1092 2603; x_wconf 89' lang='lat' dir='ltr'>a</span> <span class='ocrx_word' id='word_1_242' title='bbox 1111 2579 1167 2602; x_wconf 92' lang='lat' dir='ltr'>me</span> <span class='ocrx_word' id='word_1_243' title='bbox 1187 2578 1258 2602; x_wconf 90' lang='lat' dir='ltr'>non</span> <span class='ocrx_word' id='word_1_244' title='bbox 1275 2568 1388 2601; x_wconf 90' lang='lat' dir='ltr'>visum</span> <span class='ocrx_word' id='word_1_245' title='bbox 1407 2576 1451 2601; x_wconf 82' lang='lat' dir='ltr'>ex</span> <span class='ocrx_word' id='word_1_246' title='bbox 1479 2565 1523 2600; x_wconf 88' lang='lat' dir='ltr'>cl.</span> <span class='ocrx_word' id='word_1_247' title='bbox 1545 2564 1735 2609; x_wconf 88' lang='lat' dir='ltr'>Ruprecht</span> <span class='ocrx_word' id='word_1_248' title='bbox 1751 2563 1905 2599; x_wconf 84' lang='lat' dir='ltr'>formam</span> 
     </span>
     <span class='ocr_line' id='line_1_35' title="bbox 347 2614 1472 2662; baseline -0.005 -9"><span class='ocrx_word' id='word_1_249' title='bbox 347 2617 497 2653; x_wconf 86' lang='lat' dir='ltr'>floribus</span> <span class='ocrx_word' id='word_1_250' title='bbox 517 2617 715 2662; x_wconf 87' lang='lat' dir='ltr'>maj0ribus</span> <span class='ocrx_word' id='word_1_251' title='bbox 734 2623 769 2652; x_wconf 86' lang='lat' dir='ltr'>et</span> <span class='ocrx_word' id='word_1_252' title='bbox 790 2617 882 2661; x_wconf 89' lang='lat' dir='ltr'>stylo</span> <span class='ocrx_word' id='word_1_253' title='bbox 904 2617 1066 2661; x_wconf 86' lang='lat' dir='ltr'>longiore</span> <span class='ocrx_word' id='word_1_254' title='bbox 1086 2616 1131 2649; x_wconf 89' lang='lat' dir='ltr'>E.</span> <span class='ocrx_word' id='word_1_255' title='bbox 1147 2614 1352 2659; x_wconf 81' lang='lat' dir='ltr'>leptophylli</span> <span class='ocrx_word' id='word_1_256' title='bbox 1367 2614 1472 2648; x_wconf 87' lang='lat' dir='ltr'>sistit.</span> 
     </span>
    </p>
   </div>
   <div class='ocr_carea' id='block_1_15' title="bbox 230 2761 997 2816">
    <p class='ocr_par' dir='ltr' id='par_1_15' title="bbox 230 2761 997 2816">
     <span class='ocr_line' id='line_1_36' title="bbox 230 2761 997 2816; baseline -0.004 -12"><span class='ocrx_word' id='word_1_257' title='bbox 230 2767 322 2812; x_wconf 64' lang='lat'>201,</span> <span class='ocrx_word' id='word_1_258' title='bbox 354 2767 448 2816; x_wconf 90' lang='lat' dir='ltr'>post</span> <span class='ocrx_word' id='word_1_259' title='bbox 470 2763 526 2803; x_wconf 89' lang='grc' dir='ltr'><strong>Ε.</strong></span> <span class='ocrx_word' id='word_1_260' title='bbox 549 2761 811 2802; x_wconf 84' lang='lat' dir='ltr'>mutabile</span> <span class='ocrx_word' id='word_1_261' title='bbox 831 2761 966 2802; x_wconf 89' lang='lat' dir='ltr'>insere</span> <span class='ocrx_word' id='word_1_262' title='bbox 989 2773 997 2801; x_wconf 76' lang='grc' dir='ltr'>ε</span> 
     </span>
    </p>
   </div>
   <div class='ocr_carea' id='block_1_16' title="bbox 336 2842 1909 3056">
    <p class='ocr_par' dir='ltr' id='par_1_16' title="bbox 336 2842 1909 3056">
     <span class='ocr_line' id='line_1_37' title="bbox 392 2842 1908 2903; baseline -0.005 -15"><span class='ocrx_word' id='word_1_263' title='bbox 392 2850 448 2889; x_wconf 88' lang='grc' dir='ltr'>Ε.</span> <span class='ocrx_word' id='word_1_264' title='bbox 473 2848 894 2894; x_wconf 83' lang='lat' dir='ltr'>Blancheanum‚</span> <span class='ocrx_word' id='word_1_265' title='bbox 916 2849 1053 2887; x_wconf 86' lang='lat' dir='ltr'>totum</span> <span class='ocrx_word' id='word_1_266' title='bbox 1072 2845 1183 2898; x_wconf 87' lang='lat' dir='ltr'>pube</span> <span class='ocrx_word' id='word_1_267' title='bbox 1202 2844 1406 2897; x_wconf 74' lang='lat' dir='ltr'>bipartita</span> <span class='ocrx_word' id='word_1_268' title='bbox 1425 2842 1743 2903; x_wconf 66' lang='lat' dir='ltr'>adpressissima</span> <span class='ocrx_word' id='word_1_269' title='bbox 1765 2851 1908 2900; x_wconf 80' lang='lat' dir='ltr'>canes-</span> 
     </span>
     <span class='ocr_line' id='line_1_38' title="bbox 339 2892 1908 2952; baseline -0.006 -10"><span class='ocrx_word' id='word_1_270' title='bbox 339 2913 450 2950; x_wconf 89' lang='lat' dir='ltr'>cens,</span> <span class='ocrx_word' id='word_1_271' title='bbox 480 2900 669 2941; x_wconf 86' lang='lat' dir='ltr'>caulibus</span> <span class='ocrx_word' id='word_1_272' title='bbox 694 2903 854 2941; x_wconf 89' lang='lat' dir='ltr'>remote</span> <span class='ocrx_word' id='word_1_273' title='bbox 880 2898 1034 2940; x_wconf 88' lang='lat' dir='ltr'>foliosis</span> <span class='ocrx_word' id='word_1_274' title='bbox 1063 2898 1238 2950; x_wconf 87' lang='lat' dir='ltr'>virgatis</span> <span class='ocrx_word' id='word_1_275' title='bbox 1265 2897 1386 2938; x_wconf 87' lang='lat' dir='ltr'>elatis</span> <span class='ocrx_word' id='word_1_276' title='bbox 1411 2898 1558 2937; x_wconf 88' lang='lat' dir='ltr'>stricte</span> <span class='ocrx_word' id='word_1_277' title='bbox 1582 2905 1772 2942; x_wconf 82' lang='lat' dir='ltr'>ramosls,</span> <span class='ocrx_word' id='word_1_278' title='bbox 1801 2892 1908 2952; x_wconf 77' lang='lat' dir='ltr'>folus</span> 
     </span>
     <span class='ocr_line' id='line_1_39' title="bbox 336 2947 1908 3005; baseline -0.006 -10"><span class='ocrx_word' id='word_1_279' title='bbox 336 2953 591 2995; x_wconf 86' lang='lat' dir='ltr'>radicalibus</span> <span class='ocrx_word' id='word_1_280' title='bbox 623 2953 665 2993; x_wconf 91' lang='lat' dir='ltr'>in</span> <span class='ocrx_word' id='word_1_281' title='bbox 698 2952 857 2993; x_wconf 81' lang='lat' dir='ltr'>rosulas</span> <span class='ocrx_word' id='word_1_282' title='bbox 887 2951 1095 3003; x_wconf 88' lang='lat' dir='ltr'>congestis</span> <span class='ocrx_word' id='word_1_283' title='bbox 1121 2953 1301 3002; x_wconf 86' lang='lat' dir='ltr'>anguste</span> <span class='ocrx_word' id='word_1_284' title='bbox 1332 2947 1741 2990; x_wconf 85' lang='lat' dir='ltr'>lineari-lanceolatis</span> <span class='ocrx_word' id='word_1_285' title='bbox 1774 2949 1908 3005; x_wconf 69' lang='lat' dir='ltr'>acutis</span> 
     </span>
     <span class='ocr_line' id='line_1_40' title="bbox 339 2998 1909 3056; baseline -0.006 -9"><span class='ocrx_word' id='word_1_286' title='bbox 339 3005 708 3048; x_wconf 82' lang='lat' dir='ltr'>subcanaliculatis</span> <span class='ocrx_word' id='word_1_287' title='bbox 752 3004 927 3056; x_wconf 89' lang='lat' dir='ltr'>integris</span> <span class='ocrx_word' id='word_1_288' title='bbox 969 3005 1012 3045; x_wconf 94' lang='lat' dir='ltr'>in</span> <span class='ocrx_word' id='word_1_289' title='bbox 1050 3003 1250 3056; x_wconf 87' lang='lat' dir='ltr'>petiolum</span> <span class='ocrx_word' id='word_1_290' title='bbox 1289 3003 1413 3053; x_wconf 87' lang='lat' dir='ltr'>longe</span> <span class='ocrx_word' id='word_1_291' title='bbox 1451 3000 1697 3049; x_wconf 85' lang='lat' dir='ltr'>attenuatis,</span> <span class='ocrx_word' id='word_1_292' title='bbox 1735 2998 1909 3040; x_wconf 85' lang='lat' dir='ltr'>caulinis</span> 
     </span>
    </p>
   </div>
  </div>
 </body>
</html>
