<?xml version="1.0" encoding="UTF-8"?>
<!DOCTYPE html PUBLIC "-//W3C//DTD XHTML 1.0 Transitional//EN"
    "http://www.w3.org/TR/xhtml1/DTD/xhtml1-transitional.dtd">
<html xmlns="http://www.w3.org/1999/xhtml" xml:lang="en" lang="en">
 <head>
  <title>
</title>
<meta http-equiv="Content-Type" content="text/html;charset=utf-8" />
  <meta name='ocr-system' content='tesseract 3.04.00' />
  <meta name='ocr-capabilities' content='ocr_page ocr_carea ocr_par ocr_line ocrx_word'/>
</head>
<body>
  <div class='ocr_page' id='page_1' title='image "./floraorientaliss00bois_0172.png"; bbox 0 0 2094 3351; ppageno 0'>
   <div class='ocr_carea' id='block_1_1' title="bbox 229 220 297 255">
    <p class='ocr_par' dir='ltr' id='par_1_1' title="bbox 229 220 297 255">
     <span class='ocr_line' id='line_1_1' title="bbox 229 220 297 255; baseline 0.015 -1"><span class='ocrx_word' id='word_1_1' title='bbox 229 220 297 255; x_wconf 73' lang='lat'>130</span> 
     </span>
    </p>
   </div>
   <div class='ocr_carea' id='block_1_2' title="bbox 223 1082 315 1127">
    <p class='ocr_par' dir='ltr' id='par_1_2' title="bbox 223 1082 315 1127">
     <span class='ocr_line' id='line_1_2' title="bbox 223 1082 315 1127; baseline 0 -6"><span class='ocrx_word' id='word_1_2' title='bbox 223 1082 300 1121; x_wconf 83' lang='lat'>809</span> <span class='ocrx_word' id='word_1_3' title='bbox 307 1112 315 1127; x_wconf 92' lang='lat'>,</span> 
     </span>
    </p>
   </div>
   <div class='ocr_carea' id='block_1_3' title="bbox 225 1313 315 1355">
    <p class='ocr_par' dir='ltr' id='par_1_3' title="bbox 225 1313 315 1355">
     <span class='ocr_line' id='line_1_3' title="bbox 225 1313 315 1355; baseline 0.056 -5"><span class='ocrx_word' id='word_1_4' title='bbox 225 1313 315 1355; x_wconf 77' lang='lat'>811,</span> 
     </span>
    </p>
   </div>
   <div class='ocr_carea' id='block_1_4' title="bbox 217 2282 309 2327">
    <p class='ocr_par' dir='ltr' id='par_1_4' title="bbox 217 2282 309 2327">
     <span class='ocr_line' id='line_1_4' title="bbox 217 2282 309 2327; baseline -0.011 -6"><span class='ocrx_word' id='word_1_5' title='bbox 217 2282 309 2327; x_wconf 82' lang='lat'>812,</span> 
     </span>
    </p>
   </div>
   <div class='ocr_carea' id='block_1_5' title="bbox 217 2547 310 2592">
    <p class='ocr_par' dir='ltr' id='par_1_5' title="bbox 217 2547 310 2592">
     <span class='ocr_line' id='line_1_5' title="bbox 217 2547 310 2592; baseline 0 -7"><span class='ocrx_word' id='word_1_6' title='bbox 217 2547 310 2592; x_wconf 82' lang='lat'>813,</span> 
     </span>
    </p>
   </div>
   <div class='ocr_carea' id='block_1_6' title="bbox 931 222 1894 266">
    <p class='ocr_par' dir='ltr' id='par_1_6' title="bbox 931 222 1894 266">
     <span class='ocr_line' id='line_1_6' title="bbox 931 222 1894 266; baseline 0.004 -13"><span class='ocrx_word' id='word_1_7' title='bbox 931 230 1194 254; x_wconf 64' lang='lat' dir='ltr'>nYPEflltthEAc.</span> <span class='ocrx_word' id='word_1_8' title='bbox 1660 222 1894 266; x_wconf 78' lang='lat' dir='ltr'>Hypericum.</span> 
     </span>
    </p>
   </div>
   <div class='ocr_carea' id='block_1_7' title="bbox 329 350 1900 613">
    <p class='ocr_par' dir='ltr' id='par_1_7' title="bbox 329 350 1900 613">
     <span class='ocr_line' id='line_1_7' title="bbox 331 350 1900 403; baseline 0 -11"><span class='ocrx_word' id='word_1_9' title='bbox 331 352 554 403; x_wconf 79' lang='lat' dir='ltr'>congestis,</span> <span class='ocrx_word' id='word_1_10' title='bbox 577 351 758 391; x_wconf 80' lang='lat' dir='ltr'>bracteis</span> <span class='ocrx_word' id='word_1_11' title='bbox 781 350 1022 390; x_wconf 83' lang='lat' dir='ltr'>lanceolatis</span> <span class='ocrx_word' id='word_1_12' title='bbox 1043 350 1165 401; x_wconf 88' lang='lat' dir='ltr'>longe</span> <span class='ocrx_word' id='word_1_13' title='bbox 1188 350 1425 399; x_wconf 88' lang='lat' dir='ltr'>fimbriatis,</span> <span class='ocrx_word' id='word_1_14' title='bbox 1449 351 1600 402; x_wconf 87' lang='lat' dir='ltr'>calycis</span> <span class='ocrx_word' id='word_1_15' title='bbox 1627 352 1785 392; x_wconf 89' lang='lat' dir='ltr'>laciniis</span> <span class='ocrx_word' id='word_1_16' title='bbox 1813 351 1900 392; x_wconf 90' lang='lat' dir='ltr'>lan-</span> 
     </span>
     <span class='ocr_line' id='line_1_8' title="bbox 329 403 1897 454; baseline 0 -9"><span class='ocrx_word' id='word_1_17' title='bbox 329 404 500 445; x_wconf 88' lang='lat' dir='ltr'>ceolatis</span> <span class='ocrx_word' id='word_1_18' title='bbox 521 403 769 443; x_wconf 79' lang='lat' dir='ltr'>acuminatis</span> <span class='ocrx_word' id='word_1_19' title='bbox 791 403 973 443; x_wconf 78' lang='lat' dir='ltr'>nervosis</span> <span class='ocrx_word' id='word_1_20' title='bbox 993 403 1182 454; x_wconf 77' lang='lat' dir='ltr'>margine</span> <span class='ocrx_word' id='word_1_21' title='bbox 1239 403 1456 444; x_wconf 88' lang='lat' dir='ltr'>ectinatim</span> <span class='ocrx_word' id='word_1_22' title='bbox 1482 404 1699 445; x_wconf 74' lang='lat' dir='ltr'>fimbriatis</span> <span class='ocrx_word' id='word_1_23' title='bbox 1724 404 1897 445; x_wconf 86' lang='lat' dir='ltr'>fimbriis</span> 
     </span>
     <span class='ocr_line' id='line_1_9' title="bbox 329 415 1900 509; baseline 0 -12"><span class='ocrx_word' id='word_1_24' title='bbox 329 468 508 508; x_wconf 80' lang='lat' dir='ltr'>superne</span> <span class='ocrx_word' id='word_1_25' title='bbox 529 455 794 507; x_wconf 86' lang='lat' dir='ltr'>capillaribus</span> <span class='ocrx_word' id='word_1_26' title='bbox 812 455 1057 495; x_wconf 90' lang='lat' dir='ltr'>laciniarum</span> <span class='ocrx_word' id='word_1_27' title='bbox 1077 415 1342 496; x_wconf 55' lang='lat' dir='ltr'>latituginem</span> <span class='ocrx_word' id='word_1_28' title='bbox 1363 456 1626 508; x_wconf 61' lang='lat' dir='ltr'>aequantibus</span> <span class='ocrx_word' id='word_1_29' title='bbox 1647 457 1763 509; x_wconf 89' lang='lat' dir='ltr'>apice</span> <span class='ocrx_word' id='word_1_30' title='bbox 1784 457 1900 508; x_wconf 89' lang='lat' dir='ltr'>glan-</span> 
     </span>
     <span class='ocr_line' id='line_1_10' title="bbox 331 507 1899 561; baseline 0.001 -12"><span class='ocrx_word' id='word_1_31' title='bbox 331 509 429 550; x_wconf 75' lang='lat' dir='ltr'>dula</span> <span class='ocrx_word' id='word_1_32' title='bbox 461 509 624 548; x_wconf 79' lang='lat' dir='ltr'>minuta</span> <span class='ocrx_word' id='word_1_33' title='bbox 655 507 876 559; x_wconf 86' lang='lat' dir='ltr'>superatis,</span> <span class='ocrx_word' id='word_1_34' title='bbox 912 507 1062 559; x_wconf 86' lang='lat' dir='ltr'>petalis</span> <span class='ocrx_word' id='word_1_35' title='bbox 1095 507 1235 560; x_wconf 85' lang='lat' dir='ltr'>calyce</span> <span class='ocrx_word' id='word_1_36' title='bbox 1268 508 1392 559; x_wconf 90' lang='lat' dir='ltr'>duplo</span> <span class='ocrx_word' id='word_1_37' title='bbox 1422 509 1677 560; x_wconf 80' lang='lat' dir='ltr'>longioribus</span> <span class='ocrx_word' id='word_1_38' title='bbox 1710 510 1899 561; x_wconf 84' lang='lat' dir='ltr'>margine</span> 
     </span>
     <span class='ocr_line' id='line_1_11' title="bbox 329 559 1712 613; baseline 0.001 -11"><span class='ocrx_word' id='word_1_39' title='bbox 329 561 599 613; x_wconf 85' lang='lat' dir='ltr'>glandulosis,</span> <span class='ocrx_word' id='word_1_40' title='bbox 621 560 791 612; x_wconf 79' lang='lat' dir='ltr'>capsula</span> <span class='ocrx_word' id='word_1_41' title='bbox 812 559 1172 611; x_wconf 86' lang='lat' dir='ltr'>longitudiualiter</span> <span class='ocrx_word' id='word_1_42' title='bbox 1192 565 1234 600; x_wconf 88' lang='lat' dir='ltr'>et</span> <span class='ocrx_word' id='word_1_43' title='bbox 1254 561 1455 612; x_wconf 89' lang='lat' dir='ltr'>parallele</span> <span class='ocrx_word' id='word_1_44' title='bbox 1474 563 1628 602; x_wconf 81' lang='lat' dir='ltr'>vittata</span> <span class='ocrx_word' id='word_1_45' title='bbox 1654 565 1712 609; x_wconf 70' lang='lat' dir='ltr'>Ql.</span> 
     </span>
    </p>
   </div>
   <div class='ocr_carea' id='block_1_8' title="bbox 340 630 1899 721">
    <p class='ocr_par' dir='ltr' id='par_1_8' title="bbox 340 630 1899 721">
     <span class='ocr_line' id='line_1_12' title="bbox 389 630 1899 674; baseline 0.001 -9"><span class='ocrx_word' id='word_1_46' title='bbox 389 631 481 665; x_wconf 92' lang='lat' dir='ltr'>Hab.</span> <span class='ocrx_word' id='word_1_47' title='bbox 503 632 537 664; x_wconf 94' lang='lat' dir='ltr'>in</span> <span class='ocrx_word' id='word_1_48' title='bbox 556 630 685 664; x_wconf 81' lang='lat' dir='ltr'>silvula</span> <span class='ocrx_word' id='word_1_49' title='bbox 704 630 834 673; x_wconf 77' lang='lat' dir='ltr'>Populi</span> <span class='ocrx_word' id='word_1_50' title='bbox 854 630 1010 663; x_wconf 74' lang='lat' dir='ltr'>trenmloe</span> <span class='ocrx_word' id='word_1_51' title='bbox 1027 631 1119 664; x_wconf 89' lang='lat' dir='ltr'>inter</span> <span class='ocrx_word' id='word_1_52' title='bbox 1145 640 1258 674; x_wconf 82' lang='lat' dir='ltr'>pagos</span> <span class='ocrx_word' id='word_1_53' title='bbox 1283 630 1473 664; x_wconf 85' lang='lat' dir='ltr'>Menkowa</span> <span class='ocrx_word' id='word_1_54' title='bbox 1501 637 1535 665; x_wconf 87' lang='lat' dir='ltr'>et</span> <span class='ocrx_word' id='word_1_55' title='bbox 1557 632 1744 666; x_wconf 86' lang='lat' dir='ltr'>Senikowo</span> <span class='ocrx_word' id='word_1_56' title='bbox 1768 632 1899 666; x_wconf 85' lang='lat' dir='ltr'>montis</span> 
     </span>
     <span class='ocr_line' id='line_1_13' title="bbox 340 676 1429 721; baseline -0.002 -9"><span class='ocrx_word' id='word_1_57' title='bbox 340 678 536 721; x_wconf 86' lang='lat' dir='ltr'>Rhodopes</span> <span class='ocrx_word' id='word_1_58' title='bbox 557 677 726 711; x_wconf 85' lang='lat' dir='ltr'>centralis</span> <span class='ocrx_word' id='word_1_59' title='bbox 747 677 912 710; x_wconf 75' lang='lat' dir='ltr'>Thraciae</span> <span class='ocrx_word' id='word_1_60' title='bbox 935 676 1098 719; x_wconf 77' lang='lat' dir='ltr'>(Jankal)</span> <span class='ocrx_word' id='word_1_61' title='bbox 1118 677 1303 711; x_wconf 70' lang='lat' dir='ltr'>FLmedio</span> <span class='ocrx_word' id='word_1_62' title='bbox 1323 678 1429 711; x_wconf 88' lang='lat' dir='ltr'>Maio.</span> 
     </span>
    </p>
   </div>
   <div class='ocr_carea' id='block_1_9' title="bbox 339 741 1899 929">
    <p class='ocr_par' dir='ltr' id='par_1_9' title="bbox 339 741 1899 929">
     <span class='ocr_line' id='line_1_14' title="bbox 389 741 1899 787; baseline 0 -10"><span class='ocrx_word' id='word_1_63' title='bbox 389 743 518 778; x_wconf 82' lang='lat' dir='ltr'>Caules</span> <span class='ocrx_word' id='word_1_64' title='bbox 537 742 818 785; x_wconf 80' lang='lat' dir='ltr'>3-4-pollicares,</span> <span class='ocrx_word' id='word_1_65' title='bbox 841 741 928 774; x_wconf 87' lang='lat' dir='ltr'>folia</span> <span class='ocrx_word' id='word_1_66' title='bbox 952 742 1092 784; x_wconf 87' lang='lat' dir='ltr'>majora</span> <span class='ocrx_word' id='word_1_67' title='bbox 1113 744 1133 775; x_wconf 87' lang='grc'>5</span> <span class='ocrx_word' id='word_1_68' title='bbox 1154 742 1268 776; x_wconf 88' lang='lat' dir='ltr'>lineas</span> <span class='ocrx_word' id='word_1_69' title='bbox 1291 742 1414 786; x_wconf 75' lang='lat' dir='ltr'>longa,</span> <span class='ocrx_word' id='word_1_70' title='bbox 1442 742 1546 786; x_wconf 71' lang='lat' dir='ltr'>calyx</span> <span class='ocrx_word' id='word_1_71' title='bbox 1574 745 1594 775; x_wconf 87' lang='grc'>2</span> <span class='ocrx_word' id='word_1_72' title='bbox 1618 742 1732 777; x_wconf 89' lang='lat' dir='ltr'>lineas</span> <span class='ocrx_word' id='word_1_73' title='bbox 1759 743 1899 787; x_wconf 86' lang='lat' dir='ltr'>longus.</span> 
     </span>
     <span class='ocr_line' id='line_1_15' title="bbox 341 788 1898 832; baseline 0 -8"><span class='ocrx_word' id='word_1_74' title='bbox 341 791 449 824; x_wconf 80' lang='lat' dir='ltr'>Facie</span> <span class='ocrx_word' id='word_1_75' title='bbox 478 796 513 824; x_wconf 87' lang='lat' dir='ltr'>et</span> <span class='ocrx_word' id='word_1_76' title='bbox 543 789 676 832; x_wconf 85' lang='lat' dir='ltr'>sepalis</span> <span class='ocrx_word' id='word_1_77' title='bbox 705 789 812 831; x_wconf 85' lang='lat' dir='ltr'>longe</span> <span class='ocrx_word' id='word_1_78' title='bbox 840 788 1030 822; x_wconf 87' lang='lat' dir='ltr'>fimbriatis</span> <span class='ocrx_word' id='word_1_79' title='bbox 1058 789 1105 822; x_wconf 91' lang='lat' dir='ltr'>H.</span> <span class='ocrx_word' id='word_1_80' title='bbox 1132 789 1352 823; x_wconf 80' lang='lat' dir='ltr'>Rumelicum</span> <span class='ocrx_word' id='word_1_81' title='bbox 1382 788 1505 831; x_wconf 86' lang='lat' dir='ltr'>refert,</span> <span class='ocrx_word' id='word_1_82' title='bbox 1532 789 1595 823; x_wconf 89' lang='lat' dir='ltr'>sed</span> <span class='ocrx_word' id='word_1_83' title='bbox 1619 788 1727 824; x_wconf 89' lang='lat' dir='ltr'>flores</span> <span class='ocrx_word' id='word_1_84' title='bbox 1753 789 1898 824; x_wconf 90' lang='lat' dir='ltr'>dimidio</span> 
     </span>
     <span class='ocr_line' id='line_1_16' title="bbox 340 835 1898 880; baseline 0.001 -10"><span class='ocrx_word' id='word_1_85' title='bbox 340 839 495 871; x_wconf 89' lang='lat' dir='ltr'>minores</span> <span class='ocrx_word' id='word_1_86' title='bbox 515 842 550 870; x_wconf 87' lang='lat' dir='ltr'>et</span> <span class='ocrx_word' id='word_1_87' title='bbox 567 836 611 869; x_wconf 92' lang='lat' dir='ltr'>ob</span> <span class='ocrx_word' id='word_1_88' title='bbox 630 837 737 869; x_wconf 84' lang='lat' dir='ltr'>vittas</span> <span class='ocrx_word' id='word_1_89' title='bbox 758 835 968 879; x_wconf 85' lang='lat' dir='ltr'>capsulares</span> <span class='ocrx_word' id='word_1_90' title='bbox 997 837 1032 869; x_wconf 92' lang='lat' dir='ltr'>in</span> <span class='ocrx_word' id='word_1_91' title='bbox 1055 836 1213 870; x_wconf 83' lang='lat' dir='ltr'>sectione</span> <span class='ocrx_word' id='word_1_92' title='bbox 1243 836 1561 880; x_wconf 67' lang='lat' dir='ltr'>Taeniocaipiorwm</span> <span class='ocrx_word' id='word_1_93' title='bbox 1589 837 1721 870; x_wconf 87' lang='lat' dir='ltr'>militat</span> <span class='ocrx_word' id='word_1_94' title='bbox 1748 836 1898 872; x_wconf 88' lang='lat' dir='ltr'>fimbriis</span> 
     </span>
     <span class='ocr_line' id='line_1_17' title="bbox 339 881 1896 929; baseline 0 -11"><span class='ocrx_word' id='word_1_95' title='bbox 339 884 510 929; x_wconf 86' lang='lat' dir='ltr'>calycinis</span> <span class='ocrx_word' id='word_1_96' title='bbox 537 884 652 927; x_wconf 88' lang='lat' dir='ltr'>longis</span> <span class='ocrx_word' id='word_1_97' title='bbox 673 882 992 916; x_wconf 84' lang='lat' dir='ltr'>distinctissimum.</span> <span class='ocrx_word' id='word_1_98' title='bbox 1016 882 1061 916; x_wconf 89' lang='lat' dir='ltr'>H.</span> <span class='ocrx_word' id='word_1_99' title='bbox 1080 883 1244 917; x_wconf 78' lang='lat' dir='ltr'>tenellum</span> <span class='ocrx_word' id='word_1_100' title='bbox 1263 883 1406 917; x_wconf 88' lang='lat' dir='ltr'>Tausch</span> <span class='ocrx_word' id='word_1_101' title='bbox 1428 888 1482 917; x_wconf 85' lang='lat' dir='ltr'>est</span> <span class='ocrx_word' id='word_1_102' title='bbox 1502 882 1550 916; x_wconf 92' lang='lat' dir='ltr'>H.</span> <span class='ocrx_word' id='word_1_103' title='bbox 1574 881 1752 923; x_wconf 72' lang='lat' dir='ltr'>Corsicam</span> <span class='ocrx_word' id='word_1_104' title='bbox 1772 883 1896 919; x_wconf 87' lang='lat' dir='ltr'>Steud.</span> 
     </span>
    </p>
   </div>
   <div class='ocr_carea' id='block_1_10' title="bbox 342 930 749 974">
    <p class='ocr_par' dir='ltr' id='par_1_10' title="bbox 342 930 749 974">
     <span class='ocr_line' id='line_1_18' title="bbox 342 930 749 974; baseline -0.002 -10"><span class='ocrx_word' id='word_1_105' title='bbox 342 948 381 958; x_wconf 65' lang='lat' dir='ltr'><strong><em>z</em></strong></span> <span class='ocrx_word' id='word_1_106' title='bbox 404 931 450 964; x_wconf 85' lang='lat' dir='ltr'>H.</span> <span class='ocrx_word' id='word_1_107' title='bbox 469 930 654 974; x_wconf 74' lang='lat' dir='ltr'>tetrapteri</span> <span class='ocrx_word' id='word_1_108' title='bbox 674 940 749 963; x_wconf 90' lang='lat' dir='ltr'>var.</span> 
     </span>
    </p>
   </div>
   <div class='ocr_carea' id='block_1_11' title="bbox 350 1076 950 1130">
    <p class='ocr_par' dir='ltr' id='par_1_11' title="bbox 350 1076 950 1130">
     <span class='ocr_line' id='line_1_19' title="bbox 350 1076 950 1130; baseline -0.003 -11"><span class='ocrx_word' id='word_1_109' title='bbox 350 1080 415 1119; x_wconf 91' lang='lat' dir='ltr'>H.</span> <span class='ocrx_word' id='word_1_110' title='bbox 437 1079 790 1130; x_wconf 79' lang='lat' dir='ltr'>perforatum,</span> <span class='ocrx_word' id='word_1_111' title='bbox 814 1076 923 1118; x_wconf 90' lang='lat' dir='ltr'>adde</span> <span class='ocrx_word' id='word_1_112' title='bbox 943 1090 950 1117; x_wconf 91' lang='lat'><strong>:</strong></span> 
     </span>
    </p>
   </div>
   <div class='ocr_carea' id='block_1_12' title="bbox 387 1163 1857 1209">
    <p class='ocr_par' dir='ltr' id='par_1_12' title="bbox 387 1163 1857 1209">
     <span class='ocr_line' id='line_1_20' title="bbox 387 1163 1857 1209; baseline -0.001 -9"><span class='ocrx_word' id='word_1_113' title='bbox 387 1165 480 1200; x_wconf 90' lang='lat' dir='ltr'>Hab.</span> <span class='ocrx_word' id='word_1_114' title='bbox 499 1166 534 1199; x_wconf 94' lang='lat' dir='ltr'>in</span> <span class='ocrx_word' id='word_1_115' title='bbox 555 1165 651 1199; x_wconf 85' lang='lat' dir='ltr'>valle</span> <span class='ocrx_word' id='word_1_116' title='bbox 671 1164 807 1198; x_wconf 88' lang='lat' dir='ltr'>Kuram</span> <span class='ocrx_word' id='word_1_117' title='bbox 826 1163 1031 1208; x_wconf 82' lang='lat' dir='ltr'>Affghaniae</span> <span class='ocrx_word' id='word_1_118' title='bbox 1046 1164 1228 1207; x_wconf 64' lang='lat' dir='ltr'>mitent),</span> <span class='ocrx_word' id='word_1_119' title='bbox 1247 1164 1355 1198; x_wconf 88' lang='lat' dir='ltr'>etiam</span> <span class='ocrx_word' id='word_1_120' title='bbox 1374 1165 1408 1198; x_wconf 90' lang='lat' dir='ltr'>in</span> <span class='ocrx_word' id='word_1_121' title='bbox 1423 1164 1616 1209; x_wconf 79' lang='lat' dir='ltr'>Himalaya</span> <span class='ocrx_word' id='word_1_122' title='bbox 1631 1164 1857 1199; x_wconf 86' lang='lat' dir='ltr'>occidentali.</span> 
     </span>
    </p>
   </div>
   <div class='ocr_carea' id='block_1_13' title="bbox 347 1307 1011 1361">
    <p class='ocr_par' dir='ltr' id='par_1_13' title="bbox 347 1307 1011 1361">
     <span class='ocr_line' id='line_1_21' title="bbox 347 1307 1011 1361; baseline -0.005 -12"><span class='ocrx_word' id='word_1_123' title='bbox 347 1312 442 1361; x_wconf 89' lang='lat' dir='ltr'>post</span> <span class='ocrx_word' id='word_1_124' title='bbox 462 1309 522 1347; x_wconf 88' lang='lat' dir='ltr'>H.</span> <span class='ocrx_word' id='word_1_125' title='bbox 545 1309 823 1358; x_wconf 85' lang='lat' dir='ltr'>leprosum</span> <span class='ocrx_word' id='word_1_126' title='bbox 844 1307 980 1347; x_wconf 88' lang='lat' dir='ltr'>insere</span> <span class='ocrx_word' id='word_1_127' title='bbox 1003 1319 1011 1346; x_wconf 75' lang='grc' dir='ltr'>ε</span> 
     </span>
    </p>
   </div>
   <div class='ocr_carea' id='block_1_14' title="bbox 327 1393 1898 1763">
    <p class='ocr_par' dir='ltr' id='par_1_14' title="bbox 327 1393 1898 1763">
     <span class='ocr_line' id='line_1_22' title="bbox 383 1393 1898 1446; baseline 0.002 -13"><span class='ocrx_word' id='word_1_128' title='bbox 383 1396 447 1434; x_wconf 89' lang='grc' dir='ltr'>Η.</span> <span class='ocrx_word' id='word_1_129' title='bbox 471 1395 765 1440; x_wconf 73' lang='lat' dir='ltr'>Noeanum‚</span> <span class='ocrx_word' id='word_1_130' title='bbox 789 1393 1117 1445; x_wconf 85' lang='lat' dir='ltr'>glabriusculum</span> <span class='ocrx_word' id='word_1_131' title='bbox 1144 1393 1338 1445; x_wconf 85' lang='lat' dir='ltr'>glaucum</span> <span class='ocrx_word' id='word_1_132' title='bbox 1365 1394 1568 1446; x_wconf 89' lang='lat' dir='ltr'>pumilum</span> <span class='ocrx_word' id='word_1_133' title='bbox 1597 1399 1782 1436; x_wconf 87' lang='lat' dir='ltr'>erectum</span> <span class='ocrx_word' id='word_1_134' title='bbox 1814 1394 1898 1436; x_wconf 86' lang='lat' dir='ltr'>suf-</span> 
     </span>
     <span class='ocr_line' id='line_1_23' title="bbox 331 1445 1897 1495; baseline 0 -7"><span class='ocrx_word' id='word_1_135' title='bbox 331 1447 576 1494; x_wconf 87' lang='lat' dir='ltr'>frutescens‚</span> <span class='ocrx_word' id='word_1_136' title='bbox 612 1447 738 1487; x_wconf 86' lang='lat' dir='ltr'>ramis</span> <span class='ocrx_word' id='word_1_137' title='bbox 765 1446 961 1487; x_wconf 88' lang='lat' dir='ltr'>tenuibus</span> <span class='ocrx_word' id='word_1_138' title='bbox 986 1445 1182 1486; x_wconf 90' lang='lat' dir='ltr'>brevibus</span> <span class='ocrx_word' id='word_1_139' title='bbox 1213 1446 1359 1487; x_wconf 84' lang='lat' dir='ltr'>crebre</span> <span class='ocrx_word' id='word_1_140' title='bbox 1390 1445 1560 1495; x_wconf 87' lang='lat' dir='ltr'>foliosis,</span> <span class='ocrx_word' id='word_1_141' title='bbox 1593 1446 1700 1487; x_wconf 88' lang='lat' dir='ltr'>foliis</span> <span class='ocrx_word' id='word_1_142' title='bbox 1725 1448 1897 1489; x_wconf 86' lang='lat' dir='ltr'>minutis</span> 
     </span>
     <span class='ocr_line' id='line_1_24' title="bbox 329 1499 1897 1551; baseline 0 -10"><span class='ocrx_word' id='word_1_143' title='bbox 329 1500 541 1541; x_wconf 91' lang='lat' dir='ltr'>sessilibus</span> <span class='ocrx_word' id='word_1_144' title='bbox 570 1499 762 1551; x_wconf 88' lang='lat' dir='ltr'>ellipticis</span> <span class='ocrx_word' id='word_1_145' title='bbox 796 1499 956 1539; x_wconf 86' lang='lat' dir='ltr'>obtusis</span> <span class='ocrx_word' id='word_1_146' title='bbox 988 1499 1177 1550; x_wconf 84' lang='lat' dir='ltr'>margine</span> <span class='ocrx_word' id='word_1_147' title='bbox 1210 1499 1489 1540; x_wconf 88' lang='lat' dir='ltr'>subrevolutis</span> <span class='ocrx_word' id='word_1_148' title='bbox 1522 1499 1670 1540; x_wconf 86' lang='lat' dir='ltr'>subtus</span> <span class='ocrx_word' id='word_1_149' title='bbox 1702 1500 1897 1541; x_wconf 90' lang='lat' dir='ltr'>elevatim</span> 
     </span>
     <span class='ocr_line' id='line_1_25' title="bbox 330 1551 1898 1604; baseline 0 -10"><span class='ocrx_word' id='word_1_150' title='bbox 330 1552 567 1594; x_wconf 86' lang='lat' dir='ltr'>3-5-nerviis</span> <span class='ocrx_word' id='word_1_151' title='bbox 587 1563 712 1603; x_wconf 87' lang='lat' dir='ltr'>parce</span> <span class='ocrx_word' id='word_1_152' title='bbox 737 1551 1190 1604; x_wconf 87' lang='lat' dir='ltr'>pellucido-punctatis,</span> <span class='ocrx_word' id='word_1_153' title='bbox 1216 1552 1420 1604; x_wconf 83' lang='lat' dir='ltr'>paniculis</span> <span class='ocrx_word' id='word_1_154' title='bbox 1446 1552 1736 1593; x_wconf 87' lang='lat' dir='ltr'>terminalibus</span> <span class='ocrx_word' id='word_1_155' title='bbox 1764 1553 1898 1594; x_wconf 89' lang='lat' dir='ltr'>brevi-</span> 
     </span>
     <span class='ocr_line' id='line_1_26' title="bbox 327 1604 1894 1657; baseline 0 -11"><span class='ocrx_word' id='word_1_156' title='bbox 327 1606 406 1646; x_wconf 91' lang='lat' dir='ltr'>bus</span> <span class='ocrx_word' id='word_1_157' title='bbox 444 1604 707 1657; x_wconf 87' lang='lat' dir='ltr'>thyrsoideis‚</span> <span class='ocrx_word' id='word_1_158' title='bbox 747 1604 930 1644; x_wconf 85' lang='lat' dir='ltr'>bracteis</span> <span class='ocrx_word' id='word_1_159' title='bbox 968 1604 1157 1655; x_wconf 79' lang='lat' dir='ltr'>oblongis</span> <span class='ocrx_word' id='word_1_160' title='bbox 1195 1605 1344 1652; x_wconf 89' lang='lat' dir='ltr'>acutis,</span> <span class='ocrx_word' id='word_1_161' title='bbox 1379 1604 1590 1657; x_wconf 90' lang='lat' dir='ltr'>pedicellis</span> <span class='ocrx_word' id='word_1_162' title='bbox 1624 1605 1894 1654; x_wconf 88' lang='lat' dir='ltr'>brevissimis,</span> 
     </span>
     <span class='ocr_line' id='line_1_27' title="bbox 327 1656 1897 1710; baseline 0 -11"><span class='ocrx_word' id='word_1_163' title='bbox 327 1658 479 1710; x_wconf 87' lang='lat' dir='ltr'>calycis</span> <span class='ocrx_word' id='word_1_164' title='bbox 506 1657 660 1697; x_wconf 81' lang='lat' dir='ltr'>corolla</span> <span class='ocrx_word' id='word_1_165' title='bbox 689 1656 858 1697; x_wconf 90' lang='lat' dir='ltr'>dimidio</span> <span class='ocrx_word' id='word_1_166' title='bbox 884 1656 1084 1697; x_wconf 87' lang='lat' dir='ltr'>brevioris</span> <span class='ocrx_word' id='word_1_167' title='bbox 1110 1657 1270 1698; x_wconf 88' lang='lat' dir='ltr'>laciniis</span> <span class='ocrx_word' id='word_1_168' title='bbox 1299 1657 1584 1698; x_wconf 89' lang='lat' dir='ltr'>crassiusculis</span> <span class='ocrx_word' id='word_1_169' title='bbox 1612 1658 1897 1710; x_wconf 86' lang='lat' dir='ltr'>oblongo-lan-</span> 
     </span>
     <span class='ocr_line' id='line_1_28' title="bbox 328 1709 1897 1763; baseline 0 -11"><span class='ocrx_word' id='word_1_170' title='bbox 328 1710 499 1752; x_wconf 88' lang='lat' dir='ltr'>ceolatis</span> <span class='ocrx_word' id='word_1_171' title='bbox 518 1709 703 1750; x_wconf 88' lang='lat' dir='ltr'>breviter</span> <span class='ocrx_word' id='word_1_172' title='bbox 728 1709 976 1750; x_wconf 85' lang='lat' dir='ltr'>acuminatis</span> <span class='ocrx_word' id='word_1_173' title='bbox 998 1709 1262 1762; x_wconf 89' lang='lat' dir='ltr'>plurinerviis</span> <span class='ocrx_word' id='word_1_174' title='bbox 1287 1710 1463 1761; x_wconf 86' lang='lat' dir='ltr'>integris</span> <span class='ocrx_word' id='word_1_175' title='bbox 1484 1709 1778 1761; x_wconf 86' lang='lat' dir='ltr'>eglandulosis,</span> <span class='ocrx_word' id='word_1_176' title='bbox 1803 1722 1897 1763; x_wconf 90' lang='lat' dir='ltr'>cap-</span> 
     </span>
    </p>
   </div>
   <div class='ocr_carea' id='block_1_15' title="bbox 328 1764 1700 1878">
    <p class='ocr_par' dir='ltr' id='par_1_15' title="bbox 328 1764 1700 1878">
     <span class='ocr_line' id='line_1_29' title="bbox 328 1764 592 1808; baseline -0.011 -3"><span class='ocrx_word' id='word_1_177' title='bbox 328 1764 420 1805; x_wconf 79' lang='lat' dir='ltr'>sula</span> <span class='ocrx_word' id='word_1_178' title='bbox 426 1795 505 1804; x_wconf 91' lang='grc'><strong>.....</strong></span> <span class='ocrx_word' id='word_1_179' title='bbox 535 1766 592 1808; x_wconf 65' lang='grc' dir='ltr'>Ωι.</span> 
     </span>
     <span class='ocr_line' id='line_1_30' title="bbox 384 1833 1700 1878; baseline -0.002 -9"><span class='ocrx_word' id='word_1_180' title='bbox 384 1834 476 1870; x_wconf 89' lang='lat' dir='ltr'>Hab.</span> <span class='ocrx_word' id='word_1_181' title='bbox 497 1835 533 1868; x_wconf 91' lang='lat' dir='ltr'>in</span> <span class='ocrx_word' id='word_1_182' title='bbox 553 1839 673 1867; x_wconf 90' lang='lat' dir='ltr'>monte</span> <span class='ocrx_word' id='word_1_183' title='bbox 694 1833 818 1867; x_wconf 82' lang='lat' dir='ltr'>Haemo</span> <span class='ocrx_word' id='word_1_184' title='bbox 845 1834 981 1868; x_wconf 88' lang='lat' dir='ltr'>minore</span> <span class='ocrx_word' id='word_1_185' title='bbox 1000 1834 1164 1868; x_wconf 80' lang='lat' dir='ltr'>Thraeiae</span> <span class='ocrx_word' id='word_1_186' title='bbox 1185 1834 1276 1875; x_wconf 78' lang='lat' dir='ltr'>(Noe</span> <span class='ocrx_word' id='word_1_187' title='bbox 1297 1834 1334 1868; x_wconf 88' lang='lat' dir='ltr'>in</span> <span class='ocrx_word' id='word_1_188' title='bbox 1352 1833 1452 1868; x_wconf 86' lang='lat' dir='ltr'>herb.</span> <span class='ocrx_word' id='word_1_189' title='bbox 1474 1834 1700 1878; x_wconf 77' lang='lat' dir='ltr'>Coumanyl).</span> 
     </span>
    </p>
   </div>
   <div class='ocr_carea' id='block_1_16' title="bbox 334 1896 1896 2131">
    <p class='ocr_par' dir='ltr' id='par_1_16' title="bbox 334 1896 1896 2131">
     <span class='ocr_line' id='line_1_31' title="bbox 387 1896 1896 1940; baseline -0.001 -7"><span class='ocrx_word' id='word_1_190' title='bbox 387 1898 516 1934; x_wconf 86' lang='lat' dir='ltr'>Caules</span> <span class='ocrx_word' id='word_1_191' title='bbox 534 1907 552 1931; x_wconf 85' lang='lat' dir='ltr'>e</span> <span class='ocrx_word' id='word_1_192' title='bbox 572 1897 772 1930; x_wconf 86' lang='lat' dir='ltr'>rhizomate</span> <span class='ocrx_word' id='word_1_193' title='bbox 792 1896 914 1939; x_wconf 88' lang='lat' dir='ltr'>plures</span> <span class='ocrx_word' id='word_1_194' title='bbox 935 1896 1074 1939; x_wconf 85' lang='lat' dir='ltr'>breves,</span> <span class='ocrx_word' id='word_1_195' title='bbox 1091 1896 1153 1931; x_wconf 92' lang='lat' dir='ltr'>sed</span> <span class='ocrx_word' id='word_1_196' title='bbox 1175 1897 1269 1931; x_wconf 85' lang='lat' dir='ltr'>alter</span> <span class='ocrx_word' id='word_1_197' title='bbox 1290 1908 1369 1931; x_wconf 93' lang='lat' dir='ltr'>cum</span> <span class='ocrx_word' id='word_1_198' title='bbox 1390 1897 1560 1940; x_wconf 76' lang='lat' dir='ltr'>panicula</span> <span class='ocrx_word' id='word_1_199' title='bbox 1579 1897 1796 1940; x_wconf 83' lang='lat' dir='ltr'>tripollicari</span> <span class='ocrx_word' id='word_1_200' title='bbox 1818 1897 1896 1932; x_wconf 87' lang='lat' dir='ltr'>fere</span> 
     </span>
     <span class='ocr_line' id='line_1_32' title="bbox 334 1942 1896 1989; baseline -0.001 -9"><span class='ocrx_word' id='word_1_201' title='bbox 334 1949 383 1980; x_wconf 67' lang='lat'>&#39;10</span> <span class='ocrx_word' id='word_1_202' title='bbox 403 1945 554 1989; x_wconf 85' lang='lat' dir='ltr'>pollices</span> <span class='ocrx_word' id='word_1_203' title='bbox 571 1944 711 1987; x_wconf 87' lang='lat' dir='ltr'>longus,</span> <span class='ocrx_word' id='word_1_204' title='bbox 732 1942 820 1976; x_wconf 87' lang='lat' dir='ltr'>folia</span> <span class='ocrx_word' id='word_1_205' title='bbox 836 1944 1012 1977; x_wconf 89' lang='lat' dir='ltr'>nonnulla</span> <span class='ocrx_word' id='word_1_206' title='bbox 1028 1945 1049 1978; x_wconf 82' lang='lat'>6</span> <span class='ocrx_word' id='word_1_207' title='bbox 1070 1943 1183 1978; x_wconf 87' lang='lat' dir='ltr'>lineas</span> <span class='ocrx_word' id='word_1_208' title='bbox 1201 1944 1321 1988; x_wconf 87' lang='lat' dir='ltr'>longa,</span> <span class='ocrx_word' id='word_1_209' title='bbox 1340 1944 1402 1978; x_wconf 90' lang='lat' dir='ltr'>sed</span> <span class='ocrx_word' id='word_1_210' title='bbox 1424 1944 1598 1988; x_wconf 82' lang='lat' dir='ltr'>pleraque</span> <span class='ocrx_word' id='word_1_211' title='bbox 1616 1944 1729 1978; x_wconf 86' lang='lat' dir='ltr'>multo</span> <span class='ocrx_word' id='word_1_212' title='bbox 1743 1945 1896 1989; x_wconf 85' lang='lat' dir='ltr'>minora,</span> 
     </span>
     <span class='ocr_line' id='line_1_33' title="bbox 338 1990 1895 2038; baseline -0.002 -10"><span class='ocrx_word' id='word_1_213' title='bbox 338 1993 471 2038; x_wconf 86' lang='lat' dir='ltr'>calycis</span> <span class='ocrx_word' id='word_1_214' title='bbox 492 1992 633 2026; x_wconf 84' lang='lat' dir='ltr'>laciniae</span> <span class='ocrx_word' id='word_1_215' title='bbox 653 1991 784 2024; x_wconf 90' lang='lat' dir='ltr'>lineam</span> <span class='ocrx_word' id='word_1_216' title='bbox 800 1990 929 2033; x_wconf 76' lang='lat' dir='ltr'>longae,</span> <span class='ocrx_word' id='word_1_217' title='bbox 945 1991 1094 2033; x_wconf 84' lang='lat' dir='ltr'>capsula</span> <span class='ocrx_word' id='word_1_218' title='bbox 1109 2001 1179 2024; x_wconf 91' lang='lat' dir='ltr'>non</span> <span class='ocrx_word' id='word_1_219' title='bbox 1194 1996 1291 2035; x_wconf 87' lang='lat' dir='ltr'>nota,</span> <span class='ocrx_word' id='word_1_220' title='bbox 1309 1991 1373 2026; x_wconf 89' lang='lat' dir='ltr'>sed</span> <span class='ocrx_word' id='word_1_221' title='bbox 1387 1992 1501 2025; x_wconf 91' lang='lat' dir='ltr'>ovarii</span> <span class='ocrx_word' id='word_1_222' title='bbox 1520 2002 1709 2025; x_wconf 88' lang='lat' dir='ltr'>coecorum</span> <span class='ocrx_word' id='word_1_223' title='bbox 1726 1992 1895 2026; x_wconf 81' lang='lat' dir='ltr'>vesiculae</span> 
     </span>
     <span class='ocr_line' id='line_1_34' title="bbox 337 2036 1894 2082; baseline -0.002 -7"><span class='ocrx_word' id='word_1_224' title='bbox 337 2040 512 2075; x_wconf 86' lang='lat' dir='ltr'>laterales</span> <span class='ocrx_word' id='word_1_225' title='bbox 531 2038 688 2082; x_wconf 82' lang='lat' dir='ltr'>obliquae</span> <span class='ocrx_word' id='word_1_226' title='bbox 706 2036 923 2071; x_wconf 83' lang='lat' dir='ltr'>affinitatem</span> <span class='ocrx_word' id='word_1_227' title='bbox 944 2048 1022 2071; x_wconf 90' lang='lat' dir='ltr'>cum</span> <span class='ocrx_word' id='word_1_228' title='bbox 1043 2037 1090 2071; x_wconf 92' lang='lat' dir='ltr'>H.</span> <span class='ocrx_word' id='word_1_229' title='bbox 1109 2039 1244 2081; x_wconf 79' lang='lat' dir='ltr'>leproso</span> <span class='ocrx_word' id='word_1_230' title='bbox 1257 2038 1407 2072; x_wconf 90' lang='lat' dir='ltr'>floribus</span> <span class='ocrx_word' id='word_1_231' title='bbox 1422 2038 1533 2082; x_wconf 91' lang='lat' dir='ltr'>duplo</span> <span class='ocrx_word' id='word_1_232' title='bbox 1547 2038 1745 2082; x_wconf 88' lang='lat' dir='ltr'>majoribus</span> <span class='ocrx_word' id='word_1_233' title='bbox 1761 2038 1894 2073; x_wconf 84' lang='lat' dir='ltr'>donato</span> 
     </span>
     <span class='ocr_line' id='line_1_35' title="bbox 337 2084 1894 2131; baseline -0.001 -9"><span class='ocrx_word' id='word_1_234' title='bbox 337 2095 447 2131; x_wconf 85' lang='lat' dir='ltr'>atque</span> <span class='ocrx_word' id='word_1_235' title='bbox 467 2086 686 2128; x_wconf 83' lang='lat' dir='ltr'>indumento,</span> <span class='ocrx_word' id='word_1_236' title='bbox 705 2084 837 2128; x_wconf 85' lang='lat' dir='ltr'>ealycis</span> <span class='ocrx_word' id='word_1_237' title='bbox 866 2084 1006 2118; x_wconf 84' lang='lat' dir='ltr'>laciniis</span> <span class='ocrx_word' id='word_1_238' title='bbox 1028 2086 1333 2128; x_wconf 86' lang='lat' dir='ltr'>nigro-punctatis</span> <span class='ocrx_word' id='word_1_239' title='bbox 1356 2086 1508 2129; x_wconf 89' lang='lat' dir='ltr'>aliisque</span> <span class='ocrx_word' id='word_1_240' title='bbox 1535 2086 1628 2120; x_wconf 89' lang='lat' dir='ltr'>notis</span> <span class='ocrx_word' id='word_1_241' title='bbox 1654 2085 1894 2120; x_wconf 80' lang='lat' dir='ltr'>diversissimo</span> 
     </span>
    </p>
   </div>
   <div class='ocr_carea' id='block_1_17' title="bbox 337 2135 510 2170">
    <p class='ocr_par' dir='ltr' id='par_1_17' title="bbox 337 2135 510 2170">
     <span class='ocr_line' id='line_1_36' title="bbox 337 2135 510 2170; baseline -0.017 0"><span class='ocrx_word' id='word_1_242' title='bbox 337 2135 510 2170; x_wconf 82' lang='lat' dir='ltr'>indicant.</span> 
     </span>
    </p>
   </div>
   <div class='ocr_carea' id='block_1_18' title="bbox 343 2274 1768 2327">
    <p class='ocr_par' dir='ltr' id='par_1_18' title="bbox 343 2274 1768 2327">
     <span class='ocr_line' id='line_1_37' title="bbox 343 2274 1768 2327; baseline -0.001 -8"><span class='ocrx_word' id='word_1_243' title='bbox 343 2279 409 2319; x_wconf 89' lang='lat' dir='ltr'>H.</span> <span class='ocrx_word' id='word_1_244' title='bbox 431 2277 691 2324; x_wconf 84' lang='lat' dir='ltr'>ciliatum‚</span> <span class='ocrx_word' id='word_1_245' title='bbox 712 2274 820 2315; x_wconf 88' lang='lat' dir='ltr'>adde</span> <span class='ocrx_word' id='word_1_246' title='bbox 841 2274 1178 2315; x_wconf 85' lang='lat' dir='ltr'>distributionem</span> <span class='ocrx_word' id='word_1_247' title='bbox 1200 2275 1522 2327; x_wconf 86' lang='lat' dir='ltr'>geographicam</span> <span class='ocrx_word' id='word_1_248' title='bbox 1542 2277 1737 2317; x_wconf 90' lang='lat' dir='ltr'>omissam</span> <span class='ocrx_word' id='word_1_249' title='bbox 1760 2289 1768 2317; x_wconf 78' lang='lat' dir='ltr'>z</span> 
     </span>
    </p>
   </div>
   <div class='ocr_carea' id='block_1_19' title="bbox 336 2362 1897 2456">
    <p class='ocr_par' dir='ltr' id='par_1_19' title="bbox 336 2362 1897 2456">
     <span class='ocr_line' id='line_1_38' title="bbox 383 2362 1897 2407; baseline -0.001 -7"><span class='ocrx_word' id='word_1_250' title='bbox 383 2364 450 2399; x_wconf 82' lang='lat' dir='ltr'>Ar.</span> <span class='ocrx_word' id='word_1_251' title='bbox 475 2363 618 2406; x_wconf 79' lang='lat' dir='ltr'>Geogr.</span> <span class='ocrx_word' id='word_1_252' title='bbox 639 2363 828 2407; x_wconf 85' lang='lat' dir='ltr'>Hispania,</span> <span class='ocrx_word' id='word_1_253' title='bbox 847 2362 968 2396; x_wconf 89' lang='lat' dir='ltr'>Gallia</span> <span class='ocrx_word' id='word_1_254' title='bbox 989 2362 1170 2405; x_wconf 84' lang='lat' dir='ltr'>australis,</span> <span class='ocrx_word' id='word_1_255' title='bbox 1185 2362 1294 2396; x_wconf 87' lang='lat' dir='ltr'>Italia</span> <span class='ocrx_word' id='word_1_256' title='bbox 1312 2368 1347 2397; x_wconf 89' lang='lat' dir='ltr'>et</span> <span class='ocrx_word' id='word_1_257' title='bbox 1367 2363 1445 2406; x_wconf 87' lang='lat' dir='ltr'>ejus</span> <span class='ocrx_word' id='word_1_258' title='bbox 1464 2363 1602 2407; x_wconf 78' lang='lat' dir='ltr'>insulae,</span> <span class='ocrx_word' id='word_1_259' title='bbox 1623 2364 1786 2399; x_wconf 88' lang='lat' dir='ltr'>littorale</span> <span class='ocrx_word' id='word_1_260' title='bbox 1802 2365 1897 2399; x_wconf 88' lang='lat' dir='ltr'>Aus-</span> 
     </span>
     <span class='ocr_line' id='line_1_39' title="bbox 336 2409 1024 2456; baseline -0.007 -9"><span class='ocrx_word' id='word_1_261' title='bbox 336 2414 500 2456; x_wconf 87' lang='lat' dir='ltr'>triacum‚</span> <span class='ocrx_word' id='word_1_262' title='bbox 522 2411 648 2446; x_wconf 89' lang='lat' dir='ltr'>Africa</span> <span class='ocrx_word' id='word_1_263' title='bbox 668 2410 839 2453; x_wconf 89' lang='lat' dir='ltr'>borealis,</span> <span class='ocrx_word' id='word_1_264' title='bbox 860 2409 1024 2443; x_wconf 86' lang='lat' dir='ltr'>Madera.</span> 
     </span>
    </p>
   </div>
   <div class='ocr_carea' id='block_1_20' title="bbox 342 2540 959 2593">
    <p class='ocr_par' dir='ltr' id='par_1_20' title="bbox 342 2540 959 2593">
     <span class='ocr_line' id='line_1_40' title="bbox 342 2540 959 2593; baseline -0.005 -10"><span class='ocrx_word' id='word_1_265' title='bbox 342 2544 403 2583; x_wconf 88' lang='lat' dir='ltr'>H.</span> <span class='ocrx_word' id='word_1_266' title='bbox 429 2542 796 2593; x_wconf 82' lang='lat' dir='ltr'>Bithynicum,</span> <span class='ocrx_word' id='word_1_267' title='bbox 820 2540 928 2581; x_wconf 92' lang='lat' dir='ltr'>adde</span> <span class='ocrx_word' id='word_1_268' title='bbox 951 2553 959 2580; x_wconf 90' lang='lat'><strong>:</strong></span> 
     </span>
    </p>
   </div>
   <div class='ocr_carea' id='block_1_21' title="bbox 376 2627 1891 2685">
    <p class='ocr_par' dir='ltr' id='par_1_21' title="bbox 376 2627 1891 2685">
     <span class='ocr_line' id='line_1_41' title="bbox 376 2627 1891 2685; baseline -0.001 -14"><span class='ocrx_word' id='word_1_269' title='bbox 376 2634 413 2685; x_wconf 87' lang='grc' dir='ltr'>β.</span> <span class='ocrx_word' id='word_1_270' title='bbox 444 2629 600 2683; x_wconf 81' lang='lat' dir='ltr'>majus.</span> <span class='ocrx_word' id='word_1_271' title='bbox 622 2652 675 2657; x_wconf 94' lang='lat'>—</span> <span class='ocrx_word' id='word_1_272' title='bbox 695 2628 811 2669; x_wconf 89' lang='lat' dir='ltr'>Folia</span> <span class='ocrx_word' id='word_1_273' title='bbox 830 2627 1003 2680; x_wconf 89' lang='lat' dir='ltr'>majora,</span> <span class='ocrx_word' id='word_1_274' title='bbox 1022 2639 1164 2668; x_wconf 91' lang='lat' dir='ltr'>omnes</span> <span class='ocrx_word' id='word_1_275' title='bbox 1183 2628 1323 2669; x_wconf 85' lang='lat' dir='ltr'>caeteri</span> <span class='ocrx_word' id='word_1_276' title='bbox 1346 2628 1609 2669; x_wconf 86' lang='lat' dir='ltr'>characteres</span> <span class='ocrx_word' id='word_1_277' title='bbox 1625 2629 1891 2670; x_wconf 84' lang='lat' dir='ltr'>conveniunt.</span> 
     </span>
    </p>
   </div>
   <div class='ocr_carea' id='block_1_22' title="bbox 336 2699 1894 2791">
    <p class='ocr_par' dir='ltr' id='par_1_22' title="bbox 336 2699 1894 2791">
     <span class='ocr_line' id='line_1_42' title="bbox 384 2699 1894 2743; baseline -0.001 -8"><span class='ocrx_word' id='word_1_278' title='bbox 384 2700 476 2735; x_wconf 85' lang='lat' dir='ltr'>Hab.</span> <span class='ocrx_word' id='word_1_279' title='bbox 497 2701 533 2734; x_wconf 90' lang='lat' dir='ltr'>in</span> <span class='ocrx_word' id='word_1_280' title='bbox 553 2701 668 2735; x_wconf 85' lang='lat' dir='ltr'>Ponto</span> <span class='ocrx_word' id='word_1_281' title='bbox 689 2700 821 2734; x_wconf 89' lang='lat' dir='ltr'>Lazico</span> <span class='ocrx_word' id='word_1_282' title='bbox 840 2710 955 2743; x_wconf 86' lang='lat' dir='ltr'>prope</span> <span class='ocrx_word' id='word_1_283' title='bbox 976 2699 1100 2742; x_wconf 85' lang='lat' dir='ltr'>Djimil</span> <span class='ocrx_word' id='word_1_284' title='bbox 1119 2701 1222 2732; x_wconf 86' lang='lat'>6000&#39;</span> <span class='ocrx_word' id='word_1_285' title='bbox 1243 2699 1380 2742; x_wconf 67' lang='lat' dir='ltr'>(Ball),</span> <span class='ocrx_word' id='word_1_286' title='bbox 1400 2700 1559 2734; x_wconf 84' lang='lat' dir='ltr'>Caucaso</span> <span class='ocrx_word' id='word_1_287' title='bbox 1581 2700 1616 2733; x_wconf 90' lang='lat' dir='ltr'>in</span> <span class='ocrx_word' id='word_1_288' title='bbox 1635 2700 1776 2735; x_wconf 82' lang='lat' dir='ltr'>Suaniae</span> <span class='ocrx_word' id='word_1_289' title='bbox 1798 2699 1894 2735; x_wconf 81' lang='lat' dir='ltr'>valle</span> 
     </span>
     <span class='ocr_line' id='line_1_43' title="bbox 336 2745 1462 2791; baseline -0.003 -9"><span class='ocrx_word' id='word_1_290' title='bbox 336 2748 434 2783; x_wconf 87' lang='lat' dir='ltr'>fluvii</span> <span class='ocrx_word' id='word_1_291' title='bbox 451 2749 561 2791; x_wconf 88' lang='lat' dir='ltr'>Ingur</span> <span class='ocrx_word' id='word_1_292' title='bbox 579 2749 794 2781; x_wconf 81' lang='lat'>3500-4000&#39;</span> <span class='ocrx_word' id='word_1_293' title='bbox 814 2746 969 2790; x_wconf 83' lang='lat' dir='ltr'>(Rupr.),</span> <span class='ocrx_word' id='word_1_294' title='bbox 990 2747 1087 2780; x_wconf 86' lang='lat' dir='ltr'>circa</span> <span class='ocrx_word' id='word_1_295' title='bbox 1108 2745 1257 2780; x_wconf 90' lang='lat' dir='ltr'>Gudaur</span> <span class='ocrx_word' id='word_1_296' title='bbox 1277 2746 1462 2789; x_wconf 77' lang='lat' dir='ltr'>(Rehm.i).</span> 
     </span>
    </p>
   </div>
   <div class='ocr_carea' id='block_1_23' title="bbox 219 2879 1451 2934">
    <p class='ocr_par' dir='ltr' id='par_1_23' title="bbox 219 2879 1451 2934">
     <span class='ocr_line' id='line_1_44' title="bbox 219 2879 1451 2934; baseline -0.003 -10"><span class='ocrx_word' id='word_1_297' title='bbox 219 2885 311 2930; x_wconf 79' lang='lat'>789,</span> <span class='ocrx_word' id='word_1_298' title='bbox 343 2882 489 2934; x_wconf 85' lang='lat' dir='ltr'>(supra</span> <span class='ocrx_word' id='word_1_299' title='bbox 508 2893 548 2933; x_wconf 88' lang='lat' dir='ltr'>p.</span> <span class='ocrx_word' id='word_1_300' title='bbox 575 2883 649 2921; x_wconf 88' lang='lat'>126</span> <span class='ocrx_word' id='word_1_301' title='bbox 671 2879 904 2931; x_wconf 89' lang='lat' dir='ltr'>omissum),</span> <span class='ocrx_word' id='word_1_302' title='bbox 929 2880 994 2919; x_wconf 88' lang='lat' dir='ltr'>H.</span> <span class='ocrx_word' id='word_1_303' title='bbox 1016 2880 1288 2927; x_wconf 84' lang='lat' dir='ltr'>Thasium,</span> <span class='ocrx_word' id='word_1_304' title='bbox 1313 2879 1421 2920; x_wconf 89' lang='lat' dir='ltr'>adde</span> <span class='ocrx_word' id='word_1_305' title='bbox 1444 2893 1451 2919; x_wconf 91' lang='lat'>:</span> 
     </span>
    </p>
   </div>
   <div class='ocr_carea' id='block_1_24' title="bbox 383 2966 1241 3012">
    <p class='ocr_par' dir='ltr' id='par_1_24' title="bbox 383 2966 1241 3012">
     <span class='ocr_line' id='line_1_45' title="bbox 383 2966 1241 3012; baseline -0.005 -9"><span class='ocrx_word' id='word_1_306' title='bbox 383 2968 477 3003; x_wconf 83' lang='lat' dir='ltr'>Hab.</span> <span class='ocrx_word' id='word_1_307' title='bbox 496 2967 541 3002; x_wconf 93' lang='lat' dir='ltr'>ad</span> <span class='ocrx_word' id='word_1_308' title='bbox 559 2973 704 3012; x_wconf 88' lang='lat' dir='ltr'>portum</span> <span class='ocrx_word' id='word_1_309' title='bbox 727 2967 846 3011; x_wconf 89' lang='lat' dir='ltr'>Lagos</span> <span class='ocrx_word' id='word_1_310' title='bbox 866 2966 1041 3001; x_wconf 80' lang='lat' dir='ltr'>Rumeliae</span> <span class='ocrx_word' id='word_1_311' title='bbox 1063 2966 1241 3009; x_wconf 70' lang='lat' dir='ltr'>(Janlzal).</span> 
     </span>
    </p>
   </div>
  </div>
 </body>
</html>
