2115 3250
189 238 420 274 Podanthmn.
873 246 1187 271 CAMPANULACEAE.
1798 233 1866 268 3:35

185 317 226 344 Pa
249 337 256 345 .

188 326 279 420 950,
314 372 372 412 P.
405 371 883 421 Sibthorpianum:

353 458 496 493 Cu¹tum
517 458 646 492 eximie
667 455 917 490 stoloniferum
936 460 971 490 et
988 455 1055 489 hoc
1076 455 1291 489 charactere
1311 454 1356 488 ab
1378 454 1542 488 omnibus
1563 454 1687 488 formis
1709 454 1748 488 P.
1764 454 1865 488 limo-

303 505 426 547 nisolii
446 505 614 546 alienum,
635 504 748 545 magis
771 502 881 537 affine
904 503 947 537 P.
968 502 1223 545 ampla-icam&
1242 503 1270 538 Γ).
1297 501 1478 546 Kotschyi
1503 507 1539 535 et
1558 501 1599 535 P.
1628 505 1866 544 controverso,

304 551 366 585 sed
384 551 474 585 illud
496 552 618 595 calyce
638 551 779 593 glabro,
801 550 868 583 hoc
889 550 990 592 spice.
1010 549 1219 593 longissima
1245 553 1280 583 et
1300 554 1493 592 utrumque
1523 548 1618 582 foliis
1642 547 1866 582 intermediis

304 597 801 641 cordato-amplexieaulibus
820 596 1002 630 differunt.

186 732 276 777 951,
311 730 369 770 P.
392 730 772 770 limonifolium
801 745 837 781 γ.
862 728 1073 781 alpinum,
1102 728 1212 769 adde
1231 739 1323 780 syn.
1349 741 1356 768 :
1384 727 1651 780 Campanum
1675 725 1867 779 repanda

290 781 423 823 Boiss.
446 783 600 834 Diagn.
624 781 714 823 Ser.
738 781 771 830 Ι,
794 781 867 830 XI,
891 794 931 834 p.
956 784 1020 822 76.

349 869 442 903 Hab.
462 870 497 903 in
518 869 658 903 saxosis
679 870 805 903 summi
826 869 956 903 montis
977 868 1073 902 OEtae
1094 868 1314 902 Phthiotidis
1335 869 1477 902 6-6600'
1497 867 1639 909 (Heldr.
1652 868 1687 910 !).

185 1006 275 1047 954.
306 1006 402 1054 post
421 1003 476 1043 P.
499 1002 813 1043 lobelioides
833 1003 970 1043 insere
992 1015 1000 1042 :

344 1088 401 1127 P.
426 1087 827 1127 anthericoides
851 1086 1010 1136 (Janka
1026 1087 1173 1127 Descr.
1196 1086 1258 1127 Pl.
1281 1085 1386 1127 Nov.
1409 1099 1450 1138 p.
1475 1088 1515 1131 3)
1538 1086 1746 1138 glabrum,
1770 1098 1866 1127 cau-

289 1140 397 1181 libus
419 1140 568 1180 erectis
598 1143 718 1191 parte
744 1139 940 1180 inferiore
960 1139 1115 1180 foliatis
1144 1151 1323 1192 superne
1349 1139 1622 1191 paniculatim
1651 1144 1694 1180 et
1719 1140 1865 1180 stricte

288 1193 463 1233 ramosis
484 1192 701 1240 sublimis,
720 1191 827 1233 foliis
842 1191 1109 1233 inferioribus
1129 1191 1610 1233 lanceolam-linearibus
1625 1196 1865 1233 attenuato-

287 1246 499 1298 petiolatis
520 1246 696 1295 integris
717 1246 879 1286 caeteris
899 1246 1053 1286 sensim
1075 1246 1313 1296 angustatis
1329 1249 1372 1285 et
1391 1245 1865 1296 repando-subdentatis

289 1298 516 1346 sessilibus‚
539 1298 711 1339 floribus
732 1297 1009 1338 fasciculatim
1030 1299 1179 1339 1-3-nis
1198 1309 1387 1339 racemos
1407 1303 1530 1349 parte
1543 1297 1739 1338 inferiore
1756 1310 1865 1339 com-

288 1352 444 1403 positos
459 1351 737 1392 formantibus
750 1351 963 1403 pedicellis
979 1351 1138 1392 strictis
1154 1351 1304 1392 crassis
1321 1351 1473 1403 calycis
1488 1350 1590 1391 tubo
1604 1351 1864 1392 brevioribus

287 1404 482 1450 suffultis,
507 1404 658 1455 calycis
685 1404 845 1444 laciniis
874 1404 1102 1444 linearibus
1127 1403 1370 1456 patentibus
1402 1403 1504 1444 tubo
1538 1403 1866 1464 oblongo-cylin-

288 1457 400 1498 drico
421 1457 773 1508 sublongioribus,
795 1457 949 1497 corolla
969 1458 1112 1497 rotata
1140 1457 1292 1509 calycis
1318 1456 1478 1497 laciniis
1505 1457 1630 1508 triplo
1661 1458 1862 1508 longlore‚

288 1510 459 1561 capsula
478 1509 907 1562 oblongo-cylindricfi.
925 1510 1036 1550 inter
1056 1513 1194 1551 costas
1220 1509 1445 1551 reticulata
1473 1510 1602 1550 valvis
1633 1510 1864 1562 apicalibus

289 1563 529 1604 dehiscente
556 1567 614 1609 ²21.

346 1633 440 1667 Hah.
470 1633 506 1667 in
535 1633 763 1677 rupestribus
795 1634 952 1677 regionis
978 1633 1112 1677 alpinae
1141 1633 1324 1668 inferioris
1355 1634 1488 1668 montis
1520 1633 1719 1678 Rhodopes
1748 1634 1864 1669 Haemi

299 1680 465 1715 Thraciae
485 1691 597 1725 supra
617 1681 805 1715 Stanimak
825 1681 986 1724 (Janka).

345 1745 514 1779 Plantam
531 1745 745 1780 Thracicam
766 1756 836 1779 non
855 1745 939 1789 vidi,
960 1745 1023 1780 sed
1043 1745 1228 1781 Serbicam
1247 1755 1291 1780 ex
1307 1750 1430 1780 monte
1451 1745 1585 1779 Niseva
1606 1756 1627 1780 a
1647 1746 1692 1780 cl.
1714 1752 1863 1781 auctore

300 1793 517 1827 simillimam
536 1792 668 1827 dictam
690 1793 874 1836 descripsi.
896 1794 1036 1827 Praeter
1054 1793 1146 1827 alias
1166 1798 1272 1827 notas
1290 1793 1412 1827 differt
1429 1804 1450 1827 a
1472 1793 1513 1827 P.
1536 1793 1750 1836 Z'imom'folio
1769 1793 1863 1828 flori-

299 1839 365 1874 bus
392 1840 632 1883 pedicellatis.
659 1841 777 1884 Magis
803 1840 913 1875 affine
944 1841 988 1875 P.
1017 1840 1202 1875 Zobelioidi
1227 1841 1378 1884 capsula
1412 1840 1559 1875 dimidio
1585 1841 1723 1875 minore
1751 1843 1772 1875 2
1798 1852 1863 1876 nec

299 1889 321 1920 4
338 1887 453 1922 lineas
474 1887 584 1932 longa
602 1887 834 1932 cylindracee.
851 1899 916 1923 nec
930 1889 1039 1922 ovata
1059 1887 1239 1923 distincto.

347 1950 413 1985 Ar.
435 1951 577 1995 Geogr.
600 1952 738 1987 Serbia.

183 2086 273 2129 955.
307 2084 366 2124 P.
392 2084 894 2135 trichocalycinum,
919 2084 1028 2126 adde
1051 2097 1059 2125 :

343 2170 437 2205 Hab.
456 2171 492 2204 in
513 2171 741 2215 rupestribus
759 2172 937 2206 umbrosis
955 2173 1130 2206 montium
1151 2173 1327 2207 Drakona
1345 2178 1380 2207 et
1399 2173 1556 2208 Volokia
1572 2174 1689 2209 Cretae
1718 2174 1865 2218 (Rever-

298 2217 390 2252 chon
411 2228 484 2252 exs.
507 2219 571 2252 sub
595 2219 717 2263 C'amp.
733 2219 987 2262 pauciflorcill.
1011 2218 1047 2255 C.
1061 2220 1268 2263 pauciflora
1288 2219 1389 2254 Desf.
1407 2221 1443 2254 in
1464 2220 1599 2255 Tourn.
1621 2222 1700 2257 Cor.
1721 2221 1797 2256 tab.
1819 2224 1863 2257 26

299 2270 353 2299 est
373 2265 503 2309 planta
524 2265 768 2300 diversissima
786 2266 941 2310 probab.
968 2266 1004 2302 G.
1023 2266 1201 2311 Spruneri
1220 2266 1348 2302 forma.

180 2408 270 2454 955,
286 2407 661 2510 ΡΡῆὣερεΓιιῐη,
684 2407 794 2449 adde
813 2420 904 2461 syn.
930 2421 938 2449 :
967 2407 1234 2462 Campanum
1254 2408 1467 2451 Boissz'eri
1489 2409 1629 2451 Vatke
1647 2410 1770 2452 Linn.
1796 2414 1860 2460 38,

181 2610 272 2654 959,
308 2607 625 2658 specularia
645 2610 1003 2660 pentagonia:
1034 2610 1116 2652 hnc
1142 2623 1191 2652 ex
1224 2611 1274 2653 cl.
1307 2611 1347 2653 J.
1382 2611 1475 2653 Ball
1507 2611 1550 2651 in
1582 2612 1666 2654 litt.
1697 2618 1863 2665 spectat

288 2658 618 2754 Sgrissspegfflnum
650 2674 738 2702 var.
773 2662 1121 2756 &ricini-Griseb.
1158 2662 1229 2716 Sp.
1265 2667 1303 2713 2,
1338 2677 1379 2717 p.
1416 2667 1493 2706 279
1523 2684 1574 2701 =
1606 2665 1679 2719 Sp.
1713 2666 1862 2708 stricta

443 2745 452 2753 ·
578 2746 586 2762 ‚
610 2726 734 2766 quam
757 2727 837 2756 non
858 2728 915 2756 vl(
930 2728 956 2756 1.

182 2865 273 2909 961,
303 2863 645 2903 Trachelium
665 2866 695 2905 J
703 2866 936 2917 acquini‚
959 2866 1068 2908 adde
1090 2880 1098 2908 :

344 2950 438 3004 Hab.
472 2952 507 2985 in
536 2953 717 2988 montibus
748 2954 922 2989 Drakona
953 2956 1072 2990 Cretae
1111 2956 1345 3000 (Reverch.!).
1378 2959 1507 2993 Variat
1544 2958 1694 2994 floribus
1723 2960 1861 2994 albido-

303 3008 455 3033 carneis.
