2115 3250
213 194 391 239 Buffom'a.
966 207 1142 231 ALSINRAE.
1820 200 1881 234 111

228 273 298 307 Pag.

210 328 302 374 667,

203 1320 295 1365 668,

201 2462 293 2507 668,

203 2756 294 2801 671,

333 330 427 378 post
448 328 505 366 B.
531 328 939 377 Kotschyanam
958 328 1095 368 insere
1118 341 1125 368 :

366 413 423 451 B.
453 412 759 452 micrantha
787 411 938 464 (Boiss.
973 417 1015 452 et
1049 412 1254 463 Haussk.)
1291 413 1379 453 basi
1408 413 1706 454 sufi'rutescens
1739 415 1886 465 glabra

314 464 579 511 multicaulis‚
602 464 789 504 caulibus
811 464 1006 505 tenuibus
1027 465 1171 516 rigidis
1198 477 1376 517 superne
1400 466 1570 506 ramulis
1601 470 1664 507 1-3
1691 467 1885 507 brevissi-

314 516 390 556 mis
425 517 699 557 strictissimis
733 517 881 563 auctis,
917 516 1022 557 foliis
1061 518 1245 558 tenuiter
1276 518 1482 558 subulatis
1520 518 1885 570 subpungentibus

315 568 421 608 cauli
443 568 767 620 adpressissimis
786 569 1033 610 internodiis
1052 570 1185 610 multo
1205 570 1478 615 brevioribus,
1502 570 1673 611 floribus
1698 575 1763 612 3-5
1790 572 1886 612 sub-

314 620 527 661 sessilibus
546 622 589 661 in
609 621 825 662 fasciculos
847 622 1087 663 terminales
1109 622 1334 674 dispositis,
1358 623 1510 674 sepalis
1536 623 1725 675 oblongis
1752 625 1885 664 acutis

313 674 494 713 externis
520 674 758 714 Stramineis
788 675 964 716 enerviis
993 675 1168 715 internis
1201 675 1537 727 sublongioribus
1569 676 1739 717 rubellis
1772 677 1885 717 albo-

313 726 559 777 marginatis
587 726 707 766 dorso
737 727 923 768 obsolete
952 727 1176 775 trinerviis,
1211 728 1362 779 petalis
1392 728 1575 768 calvcem
1603 729 1883 780 aequantibus,

312 778 418 829 stylo
451 779 591 818 ovario
626 778 944 830 quadriovulato
980 779 1180 831 longiore,
1215 780 1386 832 capsula
1418 771 1602 832 elliptica
1628 782 1768 832 calyce
1800 781 1886 822 lon-

312 830 440 923 giore,
476 831 633 871 semine
669 831 848 882 oblongo
881 832 1064 872 tenuiter
1094 832 1291 884 ruguloso
1325 833 1378 873 ad
1412 833 1580 874 dorsum
1614 833 1885 874 subinflatum

313 894 361 923 su
380 886 488 923 cato.

371 952 463 986 Hah.
484 953 520 986 in
546 953 726 987 montibus
746 953 829 987 Kuh
851 954 1031 998 Kilouyeh
1057 955 1190 988 Persiae
1212 955 1324 988 occid.
1346 956 1439 988 inter
1466 955 1623 999 Dilegun
1647 961 1682 989 et
1709 957 1886 1000 Maregun

326 1001 449 1032 lOOOO'
468 999 684 1042 (Haussk.!).

370 1064 499 1098 Caules
526 1065 810 1108 6-7-pollicares,
840 1065 982 1110 calyces
1011 1066 1142 1100 lineam
1169 1066 1278 1109 longi,
1308 1067 1458 1109 capsula
1490 1067 1745 1110 sesquilineam
1776 1068 1885 1112 longa

323 1110 454 1144 lineam
484 1111 572 1153 lata,
607 1122 727 1146 semen
757 1112 861 1146 lineae
886 1112 922 1153 ³l⁴
950 1113 1108 1156 longum.
1135 1115 1167 1147 A
1196 1113 1241 1147 B.
1268 1113 1502 1158 Kotschyand
1531 1114 1560 1153 β.
1586 1115 1801 1157 fasciculam*
1829 1116 1884 1149 cui

323 1157 416 1191 facie
432 1163 466 1192 et
485 1157 581 1192 foliis
596 1159 719 1192 similis
735 1159 857 1203 calyce
872 1159 1097 1203 abbreviato,
1116 1160 1275 1203 capsulae
1290 1161 1526 1204 proportione
1541 1166 1576 1195 et
1593 1161 1709 1195 forma
1728 1161 1882 1196 diversa.

327 1321 425 1359 ante
447 1320 504 1358 B.
526 1319 909 1370 hebecalycem
929 1320 1066 1360 insere
1090 1333 1098 1360 :

361 1405 417 1443 B.
451 1405 756 1453 capsularis
787 1405 937 1456 (Boiss.
975 1410 1018 1446 et
1046 1405 1250 1455 Haussk.)
1280 1406 1371 1446 basi
1403 1405 1701 1447 suffrutescens
1736 1408 1884 1459 glabra

309 1456 591 1507 glaucescens,
615 1457 802 1497 caulibus
823 1458 973 1497 erectis
993 1458 1137 1508 rigidis
1159 1458 1278 1498 elatis
1299 1459 1423 1510 paulo
1451 1470 1578 1510 supra
1602 1460 1722 1500 basin
1745 1460 1884 1501 dicho-

309 1514 420 1549 tome
446 1510 736 1550 ramosissimis
763 1509 891 1550 efluse
919 1511 1168 1562 paniculatis
1190 1511 1308 1551 nodis
1337 1511 1594 1560 incrassatis,
1620 1513 1727 1553 foliis
1759 1513 1883 1554 subu-

309 1561 406 1602 latis
423 1562 580 1602 strictis
600 1562 836 1602 internodio
856 1563 988 1603 multo
1011 1563 1270 1603 brevioribus
1298 1576 1422 1604 nervo
1450 1576 1589 1605 crasso
1616 1565 1764 1606 subtus
1790 1579 1884 1618 pro-

308 1614 508 1662 minente,
531 1615 703 1655 ramulis
724 1614 1000 1663 filiformibus,
1024 1615 1195 1656 floribus
1222 1617 1512 1657 terminalibus
1534 1621 1600 1658 2-5
1622 1619 1882 1670 approxima-

310 1667 364 1707 tis
385 1666 597 1719 pedicellis
618 1667 884 1718 capillaribus
906 1668 1035 1720 calyci
1055 1669 1300 1720 aequilongis
1323 1670 1386 1709 vel
1407 1670 1666 1711 brevioribus
1685 1671 1880 1719 suffultis,

308 1719 458 1771 sepalis
480 1719 741 1771 glaberrimis
762 1721 895 1761 ovatis
922 1721 1082 1761 obtusis
1104 1723 1293 1762 concavis
1322 1722 1443 1763 dorso
1463 1723 1881 1775 subquinquenerviis

308 1771 393 1813 late
410 1772 772 1824 albo-marginatis
793 1773 1162 1825 subinaequalibus‚
1181 1775 1332 1826 petalis
1353 1779 1396 1815 et
1415 1776 1665 1817 staminibus
1686 1777 1882 1828 aequilon-

310 1825 372 1876 gis
404 1825 544 1878 calyce
569 1825 922 1875 subbrevioribus‚
958 1826 1076 1878 stylis
1109 1828 1249 1867 ovario
1282 1827 1632 1880 sublongioribus‚
1667 1829 1806 1869 ovario
1841 1832 1883 1870 8-

309 1877 490 1926 ovulato,
514 1878 684 1929 capsula
705 1878 874 1930 globosa
894 1881 1050 1931 magna
1069 1880 1210 1932 calyce
1230 1881 1357 1921 tertia
1382 1884 1503 1932 parte
1533 1881 1733 1933 longiore,
1761 1883 1882 1922 semi-

311 1930 430 1971 nibus
449 1931 613 1982 magnis
634 1932 881 1983 compressis
899 1932 1107 1984 rugulosis
1135 1936 1192 1979 Ql.

366 1999 458 2034 Hab.
494 2001 529 2034 in
568 2000 721 2034 collibus
755 2012 866 2045 supra
897 2001 1139 2036 Hassanabad
1177 2013 1292 2046 prope
1338 2002 1449 2038 Sihua
1480 2003 1615 2037 Persiae
1647 2004 1883 2038 occidentalis

323 2048 426 2080 6000'
443 2047 614 2090 (Haussk⁴
625 2048 659 2089 !).

366 2111 510 2145 Pedalis
538 2116 573 2145 et
598 2112 874 2155 sesquipedalis,
894 2111 1162 2147 inflorescentia
1188 2113 1392 2148 dichotome
1415 2115 1659 2149 ramosissima
1682 2115 1882 2150 divaricata

319 2158 365 2191 B.
385 2169 620 2202 macrocarpae
640 2160 695 2193 cui
710 2159 803 2193 facie
821 2160 956 2203 similis,
971 2160 1034 2194 sed
1048 2171 1069 2194 a
1085 2162 1156 2204 qua
1171 2161 1314 2204 egregie
1329 2160 1450 2196 differt
1468 2167 1602 2205 praeter
1621 2162 1728 2197 flores
1746 2163 1880 2198 brevis-

319 2205 406 2239 sime
444 2205 682 2249 pedicellatos
714 2207 837 2241 ovario
867 2208 965 2241 8-10-
995 2218 1061 2241 nec
1094 2207 1386 2251 quadriovulato,
1416 2209 1568 2252 capsula
1600 2210 1712 2253 triplo
1745 2211 1883 2254 majore

319 2253 354 2294 (2
380 2252 440 2286 lin.
465 2253 574 2296 longa
603 2258 638 2286 et
671 2253 763 2294 lata)
793 2253 916 2298 calyce
945 2254 1108 2298 longiore
1140 2265 1206 2289 nec
1236 2255 1268 2289 ei
1296 2255 1514 2299 aequilonga,
1547 2257 1740 2291 seminibus
1770 2257 1882 2301 duplo

321 2298 520 2342 majoribus
541 2300 673 2334 lineam
689 2300 816 2344 longis.
838 2301 966 2335 Flores
988 2301 1117 2335 lineam
1141 2302 1285 2336 circiter
1307 2307 1449 2336 tantum
1471 2303 1580 2347 longi.

327 2460 698 2510 Lepyrodiclis
718 2461 1096 2510 holosteoides‚
1121 2461 1228 2502 adde
1252 2474 1259 2502 :

366 2548 458 2581 Hab.
479 2549 513 2581 in
534 2549 649 2582 Ponto
665 2549 795 2583 Lazico
817 2549 863 2583 ad
883 2549 1008 2593 Djimil
1026 2550 1121 2584 inter
1139 2555 1279 2594 segetes
1298 2552 1400 2584 6100‘
1417 2550 1555 2594 (Baro,
1574 2552 1608 2585 in
1625 2551 1723 2586 valle
1744 2551 1881 2586 Kuram

321 2594 525 2638 Affghaniae
545 2595 725 2639 (Aitch.!).

326 2753 509 2793 Alsine
530 2754 785 2804 pinifolia‚
809 2754 916 2795 adde
936 2767 1027 2807 syn.
1048 2768 1056 2795 :
1078 2755 1131 2795 A.
1161 2755 1393 2797 Caucasica
1415 2756 1603 2805 (Adams‚
1630 2756 1878 2808 Ruprecht).

366 2839 459 2872 Hab.
486 2840 521 2872 in
542 2839 637 2873 valle
659 2840 782 2883 Djimil
809 2842 915 2874 Ponti
944 2842 1064 2875 Lazici
1086 2844 1187 2875 6000'
1211 2842 1350 2884 (Bau),
1371 2843 1406 2876 in
1429 2843 1541 2876 totius
1563 2843 1714 2877 Caucasi
1735 2844 1881 2887 regione

318 2885 510 2929 subalpina
541 2892 574 2920 et
607 2887 729 2930 alpina
750 2888 892 2921 4-9000‘
913 2889 1082 2931 (Rupr.!).
1102 2889 1187 2922 Var.
1218 2890 1246 2926 ζ’).
1266 2889 1410 2933 yracilis
1430 2890 1465 2923 in
1492 2889 1636 2933 alpibus
1661 2889 1706 2923 ad
1734 2889 1879 2924 fluvium

321 2932 438 2966 Terek
458 2933 716 2976 (Brotherusl).
