2115 3250
203 239 386 274 Thrt'nct'a.
926 244 1151 269 COMPOSITAE.
1812 226 1880 264 319

205 317 244 344 Pa
267 337 274 344 .

202 325 295 417 72g6,
326 372 421 420 post
439 367 746 407 Thrinciam
767 366 970 405 hirtam
989 365 1127 404 insere
1146 376 1154 403 ε

362 455 452 494 Th.
492 452 823 502 Tripolitana
865 449 1059 501 (Schultz
1103 448 1263 489 Bitsch.
1313 447 1408 488 Cat.
1455 447 1594 488 Plant.
1638 445 1790 498 Cyren.
1838 445 1880 485 in

309 506 418 547 Bull.
443 505 535 546 Soc.
555 505 650 545 Bot.
673 503 742 544 Fr.
772 508 874 543 tom.
905 502 1040 549 XXII,
1064 501 1181 553 janv.
1213 504 1328 541 1875.
1355 523 1405 527 —
1430 499 1596 550 Barbey
1622 498 1752 539 Herb.
1778 497 1878 538 Lev.

309 572 349 611 p.
395 558 485 607 141)
517 557 711 609 perennis
742 556 887 607 patule
918 554 1096 607 hispida,
1135 553 1238 594 collo
1276 564 1501 604 praemorso
1531 551 1658 592 fibras
1698 551 1884 591 tenuiter

311 611 557 664 cylindricas
600 609 765 657 edente,
807 608 913 649 foliis
946 607 1177 648 numerosis
1216 605 1412 646 rosulatis
1451 603 1882 655 oblongo-runcinatis

310 664 454 715 lyratis
475 667 518 703 et
534 662 769 710 ruminatis,
792 661 928 713 scapis
948 659 1134 700 unifloris
1155 658 1254 699 solia
1275 658 1400 709 duplo
1421 656 1717 709 superantibus
1738 655 1883 696 fructi-

310 716 407 757 feris
429 716 545 768 apice
574 727 656 755 non
687 714 945 761 incrassatis,
980 712 1174 764 capitulis
1205 710 1462 761 majusculis,
1498 709 1700 750 involucri
1732 707 1883 760 phyllis

310 768 540 809 imbricatis
562 767 855 808 livescentibus
876 765 1120 806 lanceolatis
1141 764 1303 805 obtusis
1322 762 1461 804 medio
1483 762 1606 802 dorso
1627 761 1727 802 setis
1748 760 1884 812 longis

312 821 416 862 albis
437 821 582 873 crispis
603 820 763 868 obsitis,
787 819 969 860 acheniis
998 822 1237 858 transverse
1263 816 1427 868 rugosis
1460 814 1764 866 marginalibus
1793 824 1885 853 sen-

311 875 389 915 sim
423 873 655 914 attenuatis
683 884 820 925 pappo
852 871 968 912 brevi
1001 869 1266 912 coroniformi
1295 868 1508 909 fimbriato
1540 867 1750 919 superatis
1784 865 1884 906 disci

311 927 574 968 subcurvatis
600 931 735 966 rostro
762 925 877 965 tenui
906 924 964 965 eis
996 924 1184 975 longiore
1211 933 1432 974 pappoque
1465 921 1660 972 elongato
1695 919 1884 971 plumoso

313 979 486 1021 deciduo
506 979 757 1027 terminatis,
779 977 968 1030 pluribus
989 975 1124 1017 effetis
1139 975 1352 1016 sterilibus
1373 974 1479 1015 albis
1507 976 1565 1020 521.

324 1097 353 1131 L
372 1049 463 1083 Hab.
490 1050 526 1120 iu
555 1049 730 1083 calcareis
757 1052 793 1083 et
812 1047 994 1082 ruderatis
1024 1046 1071 1080 ad
1095 1046 1256 1080 Mariout
1282 1055 1397 1089 prope
1422 1043 1686 1079 Alexandriam
1709 1042 1886 1085 (Barbeyl

357 1102 544 1139 etourn..).

372 1159 492 1194 Fibrae
513 1158 694 1193 radicales
713 1163 752 1192 ut
781 1159 817 1192 in
846 1158 910 1192 Th.
931 1156 1108 1200 tabeo-osci,
1139 1155 1203 1190 sed
1231 1155 1346 1189 multo
1371 1155 1488 1189 minus
1514 1155 1739 1196 incrassatae,
1769 1151 1815 1187 ab
1845 1153 1888 1186 ea

327 1211 495 1241 eaeterum
514 1206 674 1240 acheniis
695 1205 783 1240 disci
800 1206 907 1249 longe
924 1204 1093 1238 rostratis
1115 1202 1247 1237 aliena.
1272 1203 1337 1237 Th.
1357 1202 1504 1246 hispida
1525 1206 1560 1236 et
1580 1201 1645 1235 Th.
1664 1201 1889 1234 Maroccana

325 1254 620 1335 acheniisdlonge
639 1253 806 1288 rostratis
827 1262 970 1296 quoque
998 1251 1142 1285 donatae
1166 1260 1295 1285 annuae
1322 1254 1405 1284 sunt
1434 1248 1557 1284 radice
1584 1247 1751 1282 verticali
1777 1246 1889 1281 fibras

325 1305 452 1336 tenues
471 1311 490 1335 e
519 1306 613 1335 ente.

207 1438 300 1484 735,
335 1435 513 1476 Pieris
536 1435 836 1486 Olympica‚
859 1432 967 1474 adde
990 1446 998 1474 :

374 1524 468 1559 Hab.
489 1525 525 1559 in
545 1524 720 1568 glareosis
741 1523 872 1558 montis
892 1522 966 1557 Idae
986 1521 1141 1557 Troadis
1162 1531 1277 1566 prope
1297 1520 1478 1555 Kareikos
1500 1519 1603 1562 (Sint.
1625 1520 1690 1554 511
1706 1520 1740 1562 !).

209 1673 303 1718 737,
336 1670 395 1710 P.
417 1668 734 1720 pauciflora‚
754 1666 863 1708 adde
884 1679 893 1708 z

375 1755 470 1790 Hab.
490 1756 526 1790 in
545 1755 680 1790 Tauria
700 1755 797 1789 circa
814 1754 924 1798 Laspi
947 1752 1134 1798 (Rehm.!).

211 1899 305 1944 738,
339 1896 397 1936 Ρ.
424 1894 842 1946 Sprenqeriana,
865 1893 974 1935 adde
997 1906 1004 1934 :

377 1982 471 2018 Hah.
491 1983 528 2017 in
547 1983 711 2027 AEgypto
729 1982 777 2018 ad
796 1981 973 2017 Kahiram
994 1981 1200 2026 (Schweinf.
1214 1981 1248 2025 !).

212 2133 306 2177 740,
339 2130 399 2169 P.
421 2129 679 2169 radicata.
703 2127 768 2169 Ex
787 2128 839 2169 cl.
861 2127 1097 2169 Ascherson
1127 2126 1274 2180 Crepis
1292 2125 1489 2167 radicata
1514 2124 1662 2166 Forsk.
1694 2136 1777 2166 non
1796 2123 1894 2174 huc,

318 2182 392 2223 sed
436 2181 490 2222 ad
531 2180 749 2234 Crepidem
783 2179 1056 2222 senecioidem
1092 2183 1272 2232 spectat.
1312 2178 1481 2220 Pieridz·
1517 2177 1723 2220 radicatoe
1766 2177 1898 2230 igitur

322 2246 470 2275 nomen
494 2235 550 2274 P.
570 2235 752 2285 lyrata
772 2233 865 2275 Del.
888 2233 969 2286 Eg.
995 2236 1069 2274 116
1089 2231 1447 2274 substituendum.

215 2389 309 2435 743,
342 2387 738 2438 Urospermum
757 2386 1044 2438 picroides,
1068 2384 1204 2426 adde:

380 2473 474 2509 Hab.
495 2475 531 2508 in
553 2473 709 2510 Oasibus
729 2474 883 2519 AEgypti
904 2472 1127 2518 (Schweinffl
1148 2472 1362 2517 Aschers.!).

217 2609 309 2654 744,
341 2607 656 2658 Geropoqon
676 2607 944 2658 glabrum,
967 2605 1076 2647 adde
1095 2618 1104 2647 ε

381 2693 475 2728 Hah.
494 2694 531 2728 in
550 2694 705 2739 AEgypti
722 2693 858 2729 ditione
875 2694 1037 2739 Fayoum
1059 2699 1095 2729 et
1114 2693 1201 2729 Oasi
1221 2692 1404 2728 Farafrah
1424 2692 1652 2737 (Aschers.!).

219 2838 312 2884 748,
343 2835 696 2887 ‘tragopogon
742 2837 1059 2883 floccosum,
1106 2835 1216 2877 adde
1261 2847 1353 2889 syn.
1396 2848 1405 2876 :
1455 2834 1504 2878 T.
1546 2834 1900 2888 heterospermnm

329 2887 559 2940 Schweigg.
583 2894 625 2929 et
649 2887 697 2930 Τ.
720 2888 1009 2930 Ruthenicum
1031 2888 1195 2929 Besser.

385 2975 451 3010 Ar.
476 2975 618 3019 Geogr.
642 2977 770 3012 Rossia
789 2977 908 3012 media
929 2982 965 3012 et
981 2977 1166 3021 australis,
1186 2976 1327 3013 Sibiria.
