2094 3351
210 241 255 276 :34
937 255 1163 279 cni'mricnffi.
1738 247 1880 283 Arabis.

228 323 298 357 Pag.

366 390 661 452 ·r,.·sa.rinacea.
688 394 838 445 (Rupr.
862 393 923 433 Fl.
947 393 1074 452 Cauc.
1097 407 1139 446 p.
1162 395 1230 454 71)
1252 395 1429 451 humilis*
1444 396 1882 457 indumento-stellato

312 445 1095 549 3333?ssssussgniancccigotpi‘cealtcglgzsiita,
1127 446 1224 488 foha
1253 460 1383 499 parva
1416 452 1500 501 (vixx
1526 449 1755 501 pollicaria)
1786 450 1882 491 obo-

373 568 464 602 Hah.
485 570 519 602 in
540 574 660 603 monte
682 569 913 604 Antehabala
934 569 1079 604 ditionis
1102 570 1219 614 Bogos
1241 571 1391 606 Caucasi
1406 573 1618 606 8500-9000‘
1639 572 1810 617 (Rupr.!).

212 705 297 747 175,
327 702 385 741 A.
409 701 635 748 deflexa,
659 700 767 741 adde
789 714 797 741 :

370 789 462 823 llab.
483 790 518 823 in
538 789 688 832 rupibus
710 789 819 834 Cypri
839 789 886 824 ad
907 790 1073 825 Kantara
1100 796 1135 825 et
1161 791 1321 826 Castello
1343 791 1440 826 della
1462 792 1587 836 regina
1609 793 1710 834 (Sint.
1729 798 1765 827 et
1786 793 1879 837 Rigo

321 836 385 870 sub
408 837 453 870 A.
475 836 711 878 Billardieri).
737 837 939 880 Specimina
967 837 1013 871 ad
1041 838 1086 872 A.
1107 848 1330 882 purpuream
1358 838 1581 882 accedentia,
1610 839 1671 874 sed
1698 839 1742 873 ob
1772 839 1880 875 flores

323 883 424 917 albos
442 883 599 926 majores
620 889 654 918 et
676 883 827 918 formam
846 884 1016 918 foliorum
1038 887 1083 919 A.
1104 885 1247 928 desleaeae
1266 885 1549 920 adnumeranda.

210 1019 295 1062 176,
327 1017 383 1055 A.
409 1015 677 1056 ssaviflora
702 1029 709 1056 :

323 1104 477 1184 ⁴411ch
498 1104 543 1138 cl.
570 1104 759 1148 Ruprecht
788 1105 843 1140 Fl.
873 1106 980 1141 Cauc.
1009 1117 1044 1150 p.
1069 1108 1110 1140 71
1139 1107 1345 1150 suspicatur
1376 1107 1591 1142 varietatem
1624 1108 1877 1143 ochroleucani

362 1178 368 1184 .
434 1161 543 1194 pmoe.

206 1288 293 1330 177,
326 1288 419 1335 post
440 1285 497 1323 A.
519 1284 886 1335 ionocalycem
907 1286 1047 1327 insere
1069 1299 1077 1326 :

359 1373 414 1410 A.
438 1372 848 1422 amplexicaulis
869 1373 953 1423 (Ed
985 1386 1058 1415 ew.
1081 1375 1123 1414 in
1144 1374 1365 1415 Transact.
1383 1375 1506 1416 Linn.
1529 1374 1622 1416 Soc.
1640 1376 1732 1424 XX,
1748 1389 1790 1429 p.
1808 1378 1876 1427 31)

306 1425 500 1476 perennis
532 1423 692 1465 inferne
718 1426 952 1476 praesertim
1001 1426 1148 1476 irsuta‚
1172 1427 1359 1468 caulibus
1391 1428 1512 1469 elatis
1538 1429 1794 1480 simplicibus
1813 1430 1876 1470 vel

305 1488 431 1529 parce
451 1478 639 1525 ramosis,
663 1476 770 1518 foliis
787 1478 1038 1520 radicalibus
1058 1479 1192 1532 longis
1212 1480 1599 1532 obovato-oblongis
1620 1493 1763 1531 grosse
1779 1482 1877 1523 den-

306 1530 421 1577 tatis,
446 1530 619 1570 caulinis
640 1530 851 1571 sessilibus
871 1531 1020 1572 obtuse
1038 1532 1295 1581 auriculatis,
1315 1534 1491 1574 racemis
1505 1533 1609 1575 laxis
1623 1534 1874 1578 multifloris,

306 1582 478 1624 floribus
512 1582 632 1630 albis,
670 1582 828 1634 siliquis
861 1582 1187 1626 horizontalibus
1217 1585 1281 1626 vel
1314 1585 1482 1627 deflexis
1514 1586 1741 1628 linearibus
1769 1588 1877 1640 stylo

304 1635 420 1676 tenui
440 1639 565 1676 acuto
586 1635 836 1683 terminatis,
861 1636 1089 1678 seminibus
1110 1639 1267 1690 apteris
1294 1641 1352 1686 Qi.

363 1706 457 1741 Hab.
474 1706 521 1741 ad
539 1706 713 1741 Shendtoi
732 1706 876 1741 ditionis
893 1707 1031 1742 Kuram
1051 1708 1256 1753 Affghaniae
1275 1710 1408 1753 (Aitch.
1430 1712 1488 1755 77)
1511 1710 1607 1754 (Non
1624 1711 1723 1754 vidi).
1744 1710 1875 1746 Affinis

319 1754 451 1788 dicitur
471 1755 517 1788 A.
538 1754 692 1797 Alpinoe,
710 1753 773 1788 sed
793 1754 910 1797 major
929 1754 1124 1799 robustior,
1141 1757 1277 1791 semina
1297 1762 1427 1801 aptera
1447 1768 1513 1792 nec
1531 1758 1747 1802 marginata.

362 1817 428 1852 Ar.
451 1817 594 1860 Geogr.
616 1818 730 1862 Regio
749 1818 951 1853 Himalaica
973 1819 1219 1855 occidentalis.

200 1969 288 2013 177,
321 1966 380 2005 A.
405 1966 622 2014 turrita,
647 1964 755 2006 adde
779 1977 786 2004 :

359 2053 450 2088 Hab.
471 2054 507 2088 in
527 2053 666 2088 Libano
686 2053 732 2088 ad
753 2054 927 2088 Feitroun
949 2053 1147 2098 (Peyrom).

197 2190 286 2235 177,
319 2188 377 2227 A.
400 2187 595 2236 mollis,
619 2187 728 2228 adde
752 2200 759 2227 :

358 2276 451 2310 Hab.
471 2277 507 2311 in
527 2276 695 2311 districtu
715 2276 928 2320 Kaputscha
948 2277 1207 2321 Daghestaniae
1227 2277 1262 2312 in
1288 2277 1438 2321 rupibus
1461 2277 1638 2313 umbrosis
1660 2278 1816 2323 (Rupr.),
1836 2280 1871 2313 in

312 2329 432 2358 monte
453 2323 736 2368 Schalbundagh
759 2324 914 2367 (Becker
927 2324 961 2368 !).

196 2471 285 2516 178,
316 2472 411 2521 post
431 2470 490 2509 A.
513 2469 912 2520 nepetaeioliam
932 2469 1068 2510 insere
1090 2482 1098 2510 :

351 2556 410 2594 A.
443 2556 651 2606 stylosa
680 2555 832 2608 (Boiss.
857 2559 900 2597 et
928 2555 1018 2596 Bal.
1051 2555 1193 2597 sched.
1216 2556 1272 2609 pl.
1296 2568 1381 2597 exs.
1408 2557 1526 2607 1866)
1546 2557 1623 2598 sub
1644 2557 1756 2599 lente
1776 2559 1869 2611 pilis

299 2607 471 2648 furcatis
504 2609 660 2659 sparsis
692 2609 829 2649 obsita
862 2613 1060 2650 caeterum
1091 2609 1252 2661 glabra,
1291 2610 1479 2651 caulibus
1506 2610 1694 2662 pluribus
1720 2612 1869 2653 erectis

298 2660 555 2712 simplicibus
576 2661 722 2702 crebre
741 2660 912 2710 foliosis,
935 2660 1042 2702 foliis
1062 2661 1314 2703 radicalibus
1336 2663 1565 2703 numerosis
1621 2664 1728 2705 arvis
1748 2663 1870 2717 longe

298 2713 510 2765 petiolatis
543 2715 676 2754 ovatis
711 2715 776 2754 vix
812 2714 995 2755 cordatis
1026 2714 1174 2755 obtuse
1207 2714 1483 2764 suberenatis,
1518 2727 1595 2756 cau
1613 2716 1692 2757 inis
1723 2729 1748 2757 a
1778 2717 1868 2758 basi

297 2766 429 2806 sessili
450 2766 600 2807 obtuse
620 2766 855 2807 auriculata
874 2767 1063 2819 oblongis
1084 2768 1218 2808 acutis
1238 2768 1398 2809 minute
1415 2774 1458 2809 et
1477 2768 1569 2809 laxe
1587 2770 1774 2818 serratis,
1797 2769 1869 2811 flo-

297 2819 411 2859 ribus
433 2819 536 2859 albis
557 2819 596 2859 in
625 2831 835 2860 racemum
863 2819 1035 2860 tandem
1065 2819 1204 2861 laxum
1232 2820 1456 2873 dispositis,
1488 2821 1646 2873 siliquis
1672 2822 1868 2863 brevibus

296 2872 543 2923 compressis
564 2872 687 2923 longe
701 2872 921 2924 apiculatis
935 2872 1137 2924 pedicello
1153 2876 1292 2914 erecto
1312 2873 1517 2925 subtriplo
1531 2873 1785 2925 longioribus
1805 2878 1842 2921 21v
1855 2907 1864 2915 .

296 2924 349 2964 A.
371 2924 510 2965 mollis
530 2941 566 2977 γ.
590 2923 951 2966 Nordmanm'ana
972 2925 1102 2978 Rupr.
1125 2925 1188 2966 Fl.
1212 2925 1338 2967 Cauc.
1362 2938 1403 2978 p.
1426 2929 1475 2967 72
1497 2926 1566 2978 (ex
1585 2926 1820 2980 descript.).

356 2994 448 3030 Hab.
479 2996 513 3029 in
541 2996 687 3039 regione
717 2996 839 3039 alpina
870 2996 975 3030 Ponti
1004 2997 1126 3031 Lazici
1156 3007 1266 3040 supra
1295 2997 1418 3041 Djimil
1450 2997 1496 3032 ad
1526 2998 1621 3032 rivos
1653 2998 1794 3042 (Bari),
1829 3000 1864 3033 in
