2115 3250
211 228 387 274 polygala.
933 238 1159 261 romanam.
1839 229 1885 262 755

225 311 293 345 Peg.

212 732 305 778 472,

201 1747 294 1793 475,

195 2157 290 2203 476,

195 2628 289 2674 476,

327 364 371 398 P.
396 363 529 407 supina
551 363 759 397 terminales
789 373 931 406 quoque
959 367 1153 396 occurrunt
1177 372 1275 405 saepe
1295 362 1328 395 in
1348 362 1471 396 eodem
1492 363 1686 405 specimine
1706 374 1784 396 cum
1802 363 1889 397 aliis

326 411 478 445 racemis
507 410 639 444 ramuli
669 409 803 444 sterilis
832 409 1036 443 evolutione
1063 410 1204 443 omnino
1232 408 1458 443 lateralibus.
1488 409 1686 443 Peduncnli
1715 416 1885 444 arcuato—

326 458 478 501 recurvi‚
499 457 568 491 alae
588 456 756 500 obliquae,
776 456 937 500 sepalum
956 457 1121 499 superius
1137 456 1214 490 basi
1235 461 1415 490 saccatum
1437 462 1519 490 sunt
1533 467 1676 500 quoque
1691 457 1731 490 1².
1745 458 1887 500 sapime

324 504 572 548 characteres;
593 504 769 547 capsula
760 515 795 537 m
816 505 859 538 ea
879 513 1021 546 quoque
1039 503 1267 546 inaequaliter
1287 502 1410 537 biloba
1431 509 1485 537 est
1506 503 1566 537 ala
1579 503 1699 547 quoad
1720 504 1885 537 latitudi-

326 561 405 585 nem
437 550 544 585 valde
575 550 742 585 variabili
770 551 986 594 marginata.
1017 550 1058 584 P.
1087 554 1308 585 recurvatam
1335 550 1408 585 Cel.
1441 551 1550 594 igitur
1585 562 1650 594 pro
1685 561 1888 595 synonymo

324 598 365 632 P.
383 598 521 642 supinae
539 597 667 632 habeo.

335 729 508 781 postP.
531 728 1090 777 Hohenackerianam,
1112 727 1201 769 loco
1222 740 1310 769 var.
1325 745 1362 781 γ.
1378 727 1701 779 Mblotzlcianoe,
1717 729 1884 770 insere:

364 815 424 854 P.
453 814 832 855 Jahlotzkiana
864 813 1018 865 (Fisch.
1053 817 1096 854 et
1127 813 1238 866 Mey.
1271 813 1313 854 in
1339 813 1457 854 herb.
1492 814 1654 867 Meyer)
1687 816 1887 866 perennis

306 867 470 908 minute
489 871 532 907 et
552 867 732 919 crispule
750 866 921 914 hir,tula
944 866 1132 907 caulibus
1158 867 1354 907 tenuibus
1381 866 1704 908 ascendentibus
1727 868 1888 920 simpli-

310 919 425 961 cibus
445 921 537 960 tota
556 919 816 971 longitudine
835 919 982 960 clebre
1010 919 1164 960 foliosis
1192 920 1234 960 i11
1260 932 1471 960 racemum
1493 920 1755 961 terminalem
1784 920 1887 962 den-

310 972 538 1013 siusculum
558 972 787 1013 secundum
807 972 1074 1021 abeuntibus,
1097 971 1204 1013 foliis
1231 972 1474 1014 bievissime
1499 974 1711 1024 petiolatis
1732 973 1888 1025 ellipti-

310 1025 368 1066 cis
394 1026 543 1073 acutis,
577 1025 760 1066 bracteis
790 1025 972 1066 minimis
1005 1025 1272 1077 triangulari·
1257 1025 1518 1066 -lanceolatis
1545 1025 1745 1074 deciduis,
1768 1026 1888 1078 pedi-

308 1077 421 1119 cellis
441 1078 693 1119 brevissimis
710 1078 880 1119 tandem
900 1078 1162 1126 nutantibus,
1179 1078 1331 1129 sepalis
1346 1078 1589 1119 lanceolatis
1607 1079 1733 1119 tertio
1749 1079 1888 1120 multo

309 1130 483 1183 major,e
507 1131 582 1172 alis
603 1134 783 1183 anguste
803 1131 995 1183 ellipticis
1015 1131 1105 1171 basi
1125 1131 1310 1172 breviter
1338 1132 1576 1183 angustatis
1608 1131 1713 1172 albis
1745 1133 1887 1173 nervis

310 1195 391 1224 nou
407 1183 832 1232 anastomosantibus,
849 1184 1074 1224 filamentis
1088 1183 1142 1224 ad
1156 1184 1315 1236 apicem
1331 1183 1394 1224 fer
1395 1196 1417 1224 e
1429 1195 1562 1242 usque
1575 1184 1885 1237 monadelphis,

306 1236 531 1330 lcapsula...
569 1240 628 1284 91.
659 1236 712 1278 P.
743 1216 1128 1278 Hol'eenaclcerz'ana
1155 1254 1191 1290 ·.(
1223 1236 1434 1278 εΙ(]ι[)ἰ<)1ἲε’1·“
1420 1250 1524 1278 tana
1549 1237 1775 1278 Boiss.F.1
1806 1237 1883 1280 Or.

323 1300 372 1330 oc
406 1289 463 1330 cit

366 1360 460 1395 Hah.
485 1361 521 1395 in
541 1361 729 1405 provincia
755 1361 964 1396 Asterabad
989 1361 1123 1396 Persiae
1145 1361 1334 1399 (Karilin!)
1356 1366 1391 1395 et
1411 1372 1526 1405 prope
1547 1362 1707 1397 Aschref
1730 1363 1832 1407 (Bge.
1846 1364 1884 1406 l).

366 1426 423 1459 Ex
441 1425 695 1469 speciminibus
714 1427 829 1470 magis
846 1427 1036 1470 completis
1054 1437 1074 1460 a
1092 1427 1134 1460 P.
1152 1425 1474 1460 Hohenackeriamt
1494 1427 1616 1461 differt
1639 1428 1748 1462 ramis
1765 1429 1884 1471 graci-

320 1472 416 1507 libus
442 1473 621 1516 elongatis
644 1484 710 1507 nec
732 1473 1068 1508 suffrutescentibus
1093 1473 1263 1508 brevibus
1288 1473 1499 1517 fastigiatim
1520 1476 1726 1509 racemosis.
1753 1475 1884 1509 Facies

320 1520 362 1553 P.
379 1521 517 1563 sapim
533 1520 580 1554 ad
597 1531 703 1564 quam
724 1531 802 1555 eam
823 1521 867 1555 cl.
888 1521 1002 1564 Regel
1023 1521 1159 1564 retulit,
1180 1519 1242 1555 sed
1259 1520 1337 1554 haec
1357 1520 1479 1555 differt
1498 1522 1567 1556 alis
1587 1522 1780 1556 latioribus
1800 1522 1884 1566 plu—

319 1567 485 1601 rinerviis
505 1568 625 1602 nervis
645 1568 998 1603 anastomosantibus
1022 1569 1246 1611 racemisque
1266 1568 1461 1611 saepissime
1482 1568 1699 1604 lateralibus
1725 1580 1790 1604 nec
1809 1574 1885 1604 ter-

318 1613 522 1648 minalibus.

327 1745 386 1784 P.
409 1755 628 1786 comosa
650 1758 659 1786 :

365 1833 418 1868 Cl.
446 1833 636 1878 Ruprecht
662 1834 854 1870 F1.Cauc.
947 1837 1012 1870 162
1033 1835 1075 1869 Ρ.
1094 1835 1281 1881 hybridam
1301 1846 1355 1870 nc.
1376 1835 1520 1880 (nomen
1541 1840 1713 1871 caeterum
1733 1836 1883 1870 omnino

318 1880 567 1925 incongruum)
590 1881 635 1916 ab
657 1892 701 1916 ea
717 1888 855 1926 praeter
880 1882 987 1917 flores
1006 1882 1163 1926 majores
1183 1882 1334 1917 bractea
1353 1883 1569 1918 intermedia
1587 1883 1697 1927 duplo
1714 1883 1884 1927 longiore

317 1927 524 1962 distinctam
541 1934 717 1971 autumat,
734 1929 797 1963 sed
814 1929 892 1964 haec
912 1935 999 1964 nota
1015 1930 1122 1964 valde
1141 1929 1340 1964 variabilis.
1361 1931 1403 1964 H·
1397 1941 1446 1964 ec
1466 1930 1583 1965 forma
1600 1929 1851 1975 grandiflora'
1842 1942 1881 1964 1η

317 1975 466 2019 regione
485 1976 683 2010 Caucasica
702 1956 744 2010 P.
765 1976 904 2011 comosa
922 1977 1045 2021 typica
1066 1977 1248 2021 vulgatior
1269 1983 1323 2012 est
1347 1984 1382 2011 et
1404 1978 1597 2012 transitum
1620 1977 1803 2013 interdum
1831 1978 1882 2012 ad

317 2021 360 2056 P.
380 2023 559 2067 vulyarem
578 2023 744 2067 praebere
763 2023 918 2058 videtur.
938 2026 996 2058 An
1013 2024 1129 2058 ambae
1149 2030 1206 2059 sat
1226 2024 1432 2059 distinctae?

322 2155 382 2195 P.
402 2155 681 2207 vulgaris:

363 2242 420 2276 Ex
441 2242 486 2276 cl.
505 2242 695 2286 Ruprecht
712 2243 779 2277 loc.
800 2244 859 2278 cit.
877 2249 917 2278 ut
937 2254 1012 2278 var.
1036 2242 1229 2279 Gaucaswa
1242 2254 1264 2278 a
1277 2250 1364 2289 typo
1379 2245 1512 2288 speciei
1530 2244 1673 2279 diversa
1687 2245 1883 2289 proposita

316 2288 362 2323 ob
378 2288 487 2324 flores
507 2289 732 2344 submajores
753 2297 789 2325 et
808 2291 922 2335 magis
939 2292 1128 2335 serotinos,
1147 2291 1318 2326 bracteas
1335 2291 1484 2336 fugaces
1502 2298 1538 2326 et
1552 2292 1640 2326 folia
1654 2293 1883 2336 angustiora,

315 2335 380 2417 seg
398 2346 459 2371 eas
481 2343 588 2371 notas
612 2338 648 2371 in
674 2337 928 2381 speciminibus
949 2339 1153 2373 Caucasicis
1176 2349 1256 2382 quae
1278 2339 1470 2383 Europaeis
1496 2339 1677 2374 simillima
1699 2344 1782 2374 sunt
1805 2350 1879 2374 non

316 2394 350 2417 vi
379 2393 433 2417 eo.

314 2494 361 2528 D·
355 2447 453 2528 ῌειὶἷ.
461 2448 506 2537 (i1131
523 2449 684 2538 (IJapcaso
702 2449 854 2484 centrali
870 2454 906 2484 et
920 2449 1171 2494 Daghestania
1189 2450 1315 2495 (Rupr.
1327 2452 1333 2484 !
1349 2451 1536 2495 Becker!),
1550 2451 1665 2486 Ponto
1679 2451 1812 2486 Lazico
1828 2451 1876 2486 ad

347 2505 427 2538 ι111111
507 2506 529 2529 a

321 2626 381 2666 P.
412 2626 684 2677 alpestris‚
715 2627 824 2669 adde
849 2639 893 2681 sy
899 2640 940 2668 11.
1006 2627 1055 2669 Ρ.
1083 2629 1154 2670 vul
1184 2628 1275 2670 aris
1300 2641 1390 2670 var.
1419 2629 1490 2682 alp
1496 2629 1599 2671 {cola
1625 2628 1672 2671 C.
1677 2629 1727 2670 A.
1759 2627 1876 2682 Mey

301 2677 434 2719 Beitr.
456 2678 529 2727 VI,
553 2683 617 2720 51.
636 2679 759 2721 -P.
781 2641 963 2733 alpicola
966 2641 1198 2734 Rupiecfft
1217 2681 1280 2723 Fl.
1300 2681 1428 2723 Cauc.
1450 2695 1492 2734 p.
1519 2685 1607 2724 166.

361 2766 417 2800 Ex
438 2768 692 2810 speciminibus
717 2769 762 2803 cl.
788 2771 948 2804 auctoris
973 2781 1018 2805 ne
1043 2771 1227 2805 minimum
1251 2771 1395 2814 quidem
1423 2771 1615 2806 discrimen
1639 2777 1759 2807 exstat
1779 2772 1880 2807 inter

314 2813 479 2857 plantam
501 2815 732 2850 Caucasicam
755 2822 791 2850 et
810 2817 1036 2851 Helveticam
1058 2818 1114 2852 vel
1135 2817 1353 2853 Sabaudam

359 2877 454 2912 Hah.
471 2878 507 2912 in
527 2880 622 2913 omni
643 2880 804 2915 Caucaso
825 2881 888 2915 alt.
909 2883 944 2914 4-
949 2883 1053 2916 8000‘
1073 2887 1108 2916 et
1127 2882 1161 2916 in
1174 2882 1363 2917 montibus
1379 2882 1674 2918 Transcaucasiae
1696 2883 1879 2928 (Rupr.!)-
